1872 3372
386 281 463 319 112
858 278 1072 319 mentitu
1103 277 1202 318 ΜΒ.
1238 278 1314 317 111.

379 369 503 418 duce
520 369 808 435 reliquisque
824 369 1118 435 principibus
1136 368 1404 416 Ludovicus
1421 384 1501 415 rex
1527 366 1818 417 adclamatus

380 465 468 515 per
485 447 908 514 metropolitanum
927 448 1205 513 episcopum
1224 449 1499 506 Remorum,
1519 444 1674 510 dignae
1687 444 1820 495 vide-

380 527 486 576 licet
514 528 756 576 memoriae
774 526 1145 586 Adalberonem,
1168 536 1328 573 sancta
1354 525 1431 573 die
1450 534 1750 592 pentecostes
1767 524 1817 572 in

382 623 582 671 regnum
594 609 885 653 Francorum
901 613 1153 670 promotus
1168 613 1253 651 est.
1272 603 1473 651 Duobus
1489 619 1603 668 ergo
1619 618 1820 667 regnan-

381 685 506 733 tibus
524 684 622 732 dux
641 683 789 732 multa
814 682 1084 732 affabilitate
1099 699 1155 731 ac
1173 682 1400 731 famulatu
1426 682 1703 749 multiplici,
1732 697 1821 748 per

384 762 484 810 dies
511 761 672 828 plures
695 777 797 809 sese
830 759 1222 820 commendabam
1261 759 1383 808 adeo
1415 760 1593 826 regiam
1618 758 1822 824 dignita-

382 851 478 888 tem
511 856 597 905 per
629 839 793 887 omnia
828 838 1083 898 extollens»,
1133 848 1180 886 et
1213 855 1315 886 sese
1346 839 1355 862 '
1402 838 1470 886 eis
1499 836 1765 904 supplicem
1798 835 1816 861 ²

384 928 680 978 monstrans3
703 934 754 964 se
771 917 913 964 etiam
926 916 1160 964 facturum
1178 915 1426 982 pollicem,
1443 925 1495 964 ut
1514 915 1659 964 ambo
1676 915 1823 981 genti-

385 996 474 1043 bus
488 996 587 1060 jam
613 995 808 1052 domitis
835 1005 1055 1061 potenter
1080 995 1390 1061 imperarent,
1425 994 1684 1043 indomitas
1705 1010 1824 1060 quo·

384 1092 478 1139 que
502 1074 755 1122 efficaciter
774 1073 790 1098 ³
819 1084 1221 1121 mansuescerent.
1243 1073 1297 1121 ld
1321 1073 1465 1121 etiam
1483 1071 1819 1133 meditabatur,

385 1163 437 1200 ut
460 1153 509 1199 in
529 1152 725 1200 diversis
744 1152 901 1217 regnis
916 1152 1076 1218 positi,
1097 1152 1274 1216 regiam
1293 1151 1674 1201 dominationem
1690 1167 1823 1200 exer-

384 1241 571 1291 cerent,
600 1248 662 1279 ne
680 1231 821 1278 unius
851 1231 985 1295 regni
1011 1231 1248 1295 angustia,
1287 1229 1498 1277 duorum
1527 1246 1696 1295 regum
1724 1246 1823 1278 maa

379 1310 537 1374 jestati
562 1311 763 1357 nimium
789 1310 1053 1374 derogaret.

457 1441 575 1478 XCII.
588 1461 637 1468 —
654 1443 743 1476 Item
763 1441 940 1488 promotio
970 1440 1140 1475 Ludovici
1163 1440 1198 1475 in
1220 1453 1364 1487 regnum
1393 1440 1588 1487 Aquitania
1609 1442 1751 1488 ejtuque

1012 1509 1189 1534 uxoratio.

450 1597 578 1640 Dum
604 1593 705 1640 haec
732 1593 883 1640 multo
909 1604 1083 1640 conatu
1104 1593 1406 1659 disponeret,
1434 1593 1514 1642 alii
1531 1593 1729 1659 quidam
1756 1594 1825 1641 ni·

386 1673 476 1719 mis
493 1672 649 1719 callidi
674 1672 769 1719 hoc
796 1682 1045 1737 comperto
1060 1709 1071 1731 ,
1102 1689 1213 1719 cum
1238 1672 1515 1736 hujusmodi
1540 1671 1740 1738 gloriam
1771 1672 1821 1719 in

385 1767 487 1797 sese
508 1749 838 1797 transfundere
862 1750 1039 1798 vellent
1053 1786 1065 1809 ‚
1095 1753 1315 1798 Emmam
1333 1751 1546 1816 reginam
1569 1749 1819 1811 adeuntes,

383 1845 526 1894 super
541 1829 746 1875 maxima
771 1845 822 1875 re
841 1845 891 1875 se
915 1829 1218 1876 consulturos
1236 1829 1474 1877 dixerunt.
1498 1829 1593 1888 Qui
1616 1829 1824 1896 suscepti

386 1923 413 1954 a
438 1907 625 1971 regina,
654 1906 703 1953 id
733 1906 822 1953 sibi
847 1906 997 1954 videri
1028 1908 1264 1973 optimum
1295 1908 1543 1967 dixerunt,
1577 1906 1823 1955 Ludovico

385 1986 484 2050 regi
517 1985 864 2033 assciscendam
897 1987 1149 2051 conjugem
1180 1981 1454 2035 Adelaidem
1471 2023 1483 2047 ‚
1527 1985 1824 2052 Ragemundi

384 2081 540 2130 nuper
563 2064 774 2111 defuncti
799 2064 933 2111 ducis
963 2065 1236 2113 Gothorum
1263 2065 1379 2112 olim
1407 2082 1624 2113 uxorem.
1644 2067 1703 2112 Et
1719 2080 1820 2112 non

385 2143 533 2207 magis
551 2142 814 2207 potentiam
839 2143 1068 2207 regnandi
1088 2160 1145 2190 ex
1172 2143 1267 2190 hoc
1293 2160 1435 2209 posse
1459 2143 1620 2208 augeri
1635 2179 1648 2203 ‚
1676 2159 1823 2208 quam

383 2219 473 2267 sibi
507 2219 738 2267 nonnulla
776 2221 1033 2267 commoda
1071 2221 1273 2285 adquiri.
1312 2223 1566 2270 Enimvero
1596 2220 1823 2288 possibile

385 2297 504 2357 fieri,
534 2308 683 2346 totam
712 2299 1009 2363 Aquitaniam
1037 2299 1274 2364 simulque
1301 2310 1347 2347 et
1371 2300 1598 2348 Gothiam
1621 2317 1711 2348 suo
1735 2300 1823 2348 im-

385 2378 520 2442 perio
539 2377 754 2441 asstringi
782 2394 922 2443 posse
939 2415 951 2437 ,
983 2388 1237 2444 postquam
1266 2396 1324 2426 ex
1346 2379 1453 2443 jure
1481 2379 1635 2427 ductae
1662 2379 1822 2427 uxoris

385 2454 564 2520 oppida
588 2456 901 2503 munitissima
919 2456 979 2503 ad
1008 2473 1148 2503 suum
1165 2456 1243 2520 jus
1262 2466 1573 2522 retorqueret.
1596 2458 1823 2523 Magnum

384 2531 527 2577 etiam
552 2529 783 2594 quiddam
809 2531 856 2577 in
887 2530 977 2577 hac
1002 2548 1076 2589 re,
1094 2540 1153 2578 -et
1179 2530 1292 2578 utile
1310 2531 1606 2598 comparari,
1626 2531 1666 2579 si
1685 2539 1823 2599 patre

432 2683 443 2702 ¹
470 2695 499 2717 s.
517 2695 580 2730 per
599 2684 718 2718 omnia
737 2683 858 2718 delata.

433 2740 448 2760 ²
471 2739 698 2787 supplicicem
714 2740 788 2774 cod.

432 2796 447 2814 ³
467 2796 648 2831 efficatiter
663 2797 736 2830 cod.
