1872 3372
399 265 473 307 146
879 264 1096 304 menum
1131 262 1228 303 ΗΒ.
1264 262 1334 302 lV.

882 507 925 540 V.
943 525 992 532 —
1007 505 1134 540 Obitus
1149 504 1334 541 Ludovici.

456 626 550 670 Rex
576 623 734 686 itaque
753 620 1010 668 exercitum
1035 618 1239 679 amovit,
1267 616 1666 686 Silvanectimque
1682 615 1822 667 deve-

387 701 472 748 nit.
501 700 588 746 Ubi
618 698 734 746 dum
758 697 966 745 aestivam
996 697 1304 744 venationem
1324 706 1594 757 exerceret,
1615 695 1822 763 pedestri

388 779 519 845 lapsu
547 776 794 836 decidens,
825 775 977 823 multo
1006 774 1156 840 epatis
1181 773 1566 823 dolore'vexatus
1589 785 1676 824 est.
1699 777 1820 823 Nam

385 858 495 921 quia
528 857 575 902 in
608 864 744 921 epate
767 853 1006 918 sanguinis
1035 850 1224 912 sedem,
1257 852 1426 919 phisici
1451 852 1732 918 perhibent,
1765 870 1822 902 ea

383 935 496 982 sede
516 949 766 993 concussa,
786 932 978 996 sanguis
1002 932 1050 979 in
1071 929 1390 980 emathoicam
1409 931 1710 982 redundavit.
1732 933 1821 981 Cui

380 1013 569 1077 sanguis
603 1012 827 1077 copiosus
859 1027 946 1076 per
979 1026 1117 1057 nares
1149 1019 1197 1058 et
1227 1009 1386 1074 gulam
1417 1009 1678 1059 diffluebat.
1718 1012 1819 1059 Ma-

379 1092 519 1140 millae
536 1090 783 1138 doloribus
800 1088 999 1137 assiduis
1014 1087 1342 1155 pulsabantur.
1363 1091 1540 1136 Fer-vor
1557 1088 1701 1139 totius
1717 1103 1820 1137 eorb

377 1169 508 1234 poris
534 1166 842 1215 intolerabilis
867 1182 967 1213 non
987 1164 1166 1213 deerat.
1190 1164 1330 1213 Unde
1356 1180 1456 1212 uno
1474 1174 1664 1213 tantum
1686 1180 1817 1214 anno

375 1247 499 1312 patri
524 1256 778 1312 superstes,
800 1249 851 1294 Μ
888 1243 981 1291 kal.
1004 1244 1129 1291 Junii
1147 1242 1383 1303 defitiens,
1403 1253 1583 1291 naturoe
1598 1242 1830 1293 debitum·

374 1326 530 1373 solvit.
572 1326 717 1390 Cujus
759 1325 1017 1382 discessus,
1058 1339 1116 1371 eo
1160 1333 1378 1388 tempore
1420 1321 1592 1371 accidit
1634 1339 1733 1388 quo
1767 1333 1815 1372 et

373 1404 729 1469 metropolitani
748 1403 964 1469 purgatio
993 1401 1054 1449 de
1079 1400 1276 1465 objectis
1300 1400 1524 1448 habenda
1547 1410 1663 1449 erat.
1698 1400 1815 1449 Ade-

374 1494 445 1530 rat
471 1483 612 1547 igitur
636 1481 938 1548 purgandus,
975 1491 1022 1528 et
1053 1481 1191 1545 regiae
1215 1480 1446 1544 majestati
1471 1478 1807 1527 satisfacturus.

372 1561 466 1609 Sed
500 1562 615 1627 regii
644 1560 821 1609 funeris
854 1560 1146 1619 calamitate,
1187 1558 1278 1606 hac
1303 1558 1385 1606 lite
1422 1574 1697 1625 suppressa,
1725 1575 1816 1607 nec

372 1639 694 1687 controversia
729 1648 886 1704 partes
915 1636 1107 1697 habuit,
1150 1654 1239 1684 nec
1269 1653 1326 1684 ex
1357 1652 1412 1683 ea
1441 1633 1671 1701 juditium
1701 1652 1815 1702 pro-

373 1717 637 1782 mulgatum
682 1717 784 1765 fuit.
834 1716 1043 1764 Plurima
1086 1733 1202 1763 vero
1245 1714 1661 1763 commiseratione
1714 1714 1816 1781 ipse

372 1796 626 1867 episcopus
658 1795 719 1843 de
750 1805 903 1842 morte
937 1795 1058 1859 regis
1101 1803 1391 1859 conquestus
1433 1802 1520 1842 est.
1556 1795 1814 1859 Postquam

372 1885 533 1922 autem
568 1874 752 1939 regium
788 1873 929 1920 funus
969 1882 1235 1933 curassent,
1276 1873 1550 1938 principum
1585 1871 1779 1920 decreto
1797 1908 1810 1930 ,

373 1951 659 2019 Compendii
688 1951 948 1999 tumulatus
981 1962 1074 2011 est,
1111 1968 1224 1998 cum
1250 1951 1350 2016 ipse
1376 1950 1543 1998 vivens
1572 1965 1709 1999 secus
1731 1966 1815 2016 pa-

373 2041 494 2078 trem
519 2030 743 2078 tumulari
764 2030 966 2096 petierit.
994 2030 1047 2077 ld
1078 2041 1237 2078 autem
1267 2029 1488 2077 consulto
1522 2028 1701 2076 factum
1724 2038 1810 2088 est,

372 2127 433 2158 ne
451 2109 571 2157 dum
593 2109 773 2157 itineris
799 2108 1147 2174 longitudinem
1172 2125 1340 2156 eorum
1364 2107 1672 2175 quamplures
1694 2109 1812 2156 vita·

374 2198 480 2236 rent
494 2224 507 2248 ,
530 2198 578 2236 et
601 2205 630 2236 a
659 2205 709 2236 se
727 2188 864 2236 divisi
882 2188 1205 2248 discederent,
1235 2189 1303 2235 rei
1327 2187 1530 2254 puhlicae
1557 2186 1811 2235 utillimum

373 2266 641 2315 differretur
670 2268 959 2316 consultum.
1001 2268 1182 2315 Placuit
1216 2268 1376 2332 itaque
1407 2276 1518 2315 ante
1550 2266 1809 2315 discessum

372 2348 647 2408 convenire,
674 2357 722 2395 et
747 2365 802 2395 ex
829 2348 959 2411 regni
979 2346 1247 2395 commodis
1265 2346 1528 2394 consulere.
