1872 3372
335 226 388 263 96
814 221 1032 263 mcum!
1066 221 1166 262 ΜΒ.
1201 222 1277 263 111.

343 332 364 355 u
395 313 637 378 sanguinis
661 312 879 360 affinitas.
906 311 1184 360 Vinciantur
1201 312 1432 371 amicicia,
1456 328 1664 376 quorum
1688 312 1783 362 dis·
1860 361 1872 377 .-

345 412 367 436 «
398 390 600 440 sidentia
626 391 694 439 rei
713 390 914 457 publicae
933 389 1091 437 labem
1113 390 1276 452 infert,
1307 402 1356 439 et
1378 390 1637 440 concordia
1663 391 1784 441 utili-
1862 377 1872 425 ²-

347 490 371 515 «
399 480 544 519 tatem
568 468 905 518 accommodat
922 468 1142 533 viresque
1164 468 1414 518 ministrat.
1448 489 1472 514 n

627 600 774 635 LXXX.
788 620 836 627 -
852 599 1047 647 Responsio
1061 599 1080 621 ’
1102 598 1243 635 ottoni·
1258 599 1303 634 ad
1319 599 1439 636 Gallos
1457 604 1491 634 ⁵.

413 703 484 751 Ad
502 703 603 750 haec
621 705 736 751 Otto
759 721 769 749 ε
796 723 819 747 «
844 702 980 762 Novi,
999 720 1022 744 υ
1045 701 1214 766 inquit,
1241 722 1263 746 u
1287 712 1516 767 quantam
1542 701 1703 751 labem
1721 701 1788 751 rei

352 803 373 827 «
398 781 598 848 publicae
616 780 856 828 discordia
869 797 1188 846 sepenumero
1207 780 1381 840 intulit,
1401 798 1513 830 cum
1531 797 1790 847 regnorum

352 882 374 905 «
406 860 645 926 principes
663 869 830 907 contra
859 875 908 905 se
939 858 1200 923 aliquando
1221 858 1371 907 moliti
1398 870 1525 908 sunt.
1557 862 1656 909 Nec
1674 859 1791 908 illud

354 959 375 983 «
407 939 548 986 etiam
570 939 755 1002 ignoro,
780 946 959 1001 quanta
984 935 1108 983 salus
1125 953 1213 1003 per
1230 937 1454 984 amiciciae
1481 937 1707 987 virtutem
1725 937 1793 987 rei

354 1036 375 1059 «
407 1014 609 1081 publicae
623 1024 900 1080 comparata
916 1014 989 1060 sit.
1006 1017 1174 1061 Fateor
1192 1013 1426 1062 hactenus
1439 1032 1517 1063 me
1533 1014 1795 1081 plurimum

356 1116 378 1139 «
408 1095 610 1141 coluisse
636 1110 806 1159 pacem
834 1102 880 1140 et
917 1092 1255 1152 concordiam;
1291 1093 1493 1142 invidias
1523 1104 1668 1160 atque
1698 1093 1794 1144 dis-

358 1194 379 1217 «
411 1172 598 1220 cordias
627 1170 991 1236 malignantium
1019 1170 1133 1218 odio
1161 1188 1351 1237 semper
1376 1171 1615 1221 habuisse.
1652 1175 1809 1229 Com·¹

359 1272 381 1296 «
412 1260 655 1317 ponantur
673 1266 786 1314 ergo
805 1266 892 1314 per
908 1265 995 1296 vos
1013 1249 1161 1296 animi
1180 1249 1531 1311 dissidentium,
1552 1266 1667 1300 nam
1683 1250 1797 1300 huic

361 1351 383 1375 α
415 1329 483 1376 rei
502 1345 589 1375 vos
605 1327 748 1374 video
765 1327 1032 1392 aptissimos
1045 1363 1057 1387 ‚
1089 1328 1172 1392 qui
1190 1338 1300 1375 ante
1324 1327 1416 1375 hac
1434 1337 1602 1376 mutua
1618 1327 1800 1376 lesione

362 1429 384 1450 «
415 1408 484 1454 rei
510 1405 712 1473 publicae
739 1404 999 1470 plurimum
1027 1404 1377 1470 derogavimus.
1429 1406 1625 1455 Consilii
1659 1408 1802 1456 vestri

363 1508 386 1531 «
416 1485 651 1533 rationem
669 1482 903 1549 approbo.
924 1484 1069 1531 Dictis
1087 1484 1282 1531 tandem
1302 1484 1424 1532 facta
1436 1485 1753 1534 consentiant.
1775 1505 1799 1531 η

362 1564 522 1629 Legati
552 1563 860 1629 persuasione
887 1561 1048 1609 habita
1090 1562 1319 1622 redeunt,
1365 1562 1631 1629 ambosque
1669 1580 1804 1629 reges

362 1642 631 1691 alterutrius
658 1640 1029 1688 benivolentiam
1048 1640 1110 1688 ad
1135 1641 1416 1689 alterutrum
1442 1641 1727 1703 referentes,
1754 1643 1803 1690 in

364 1721 577 1769 amicicia
595 1729 911 1784 componunt.
935 1720 1247 1767 Constituitur
1264 1730 1454 1787 tempus
1476 1720 1800 1787 colloquendi.

367 1801 520 1845 Locus
546 1797 736 1861 utrique
761 1795 1048 1843 commodus
1072 1796 1342 1862 deputatur.
1367 1800 1424 1845 Et
1441 1798 1554 1863 quia
1571 1799 1699 1847 circa
1715 1798 1806 1847 flu·

366 1878 496 1923 vium
516 1877 699 1922 Mosam
725 1891 869 1939 regna
888 1874 1143 1922 amborum
1168 1875 1554 1938 conlimitabant,
1577 1877 1806 1926 inlocum

368 1955 451 2020 qui
468 1952 722 2018 Margolius
741 1953 931 2013 dicitur,
955 1954 1021 2001 eis
1039 1953 1126 2001 sibi
1145 1971 1397 2002 occurrere
1414 1955 1609 2021 placuit.

528 2078 696 2114 Lxxxl.
715 2098 763 2106 —
780 2079 937 2114 Lotharii
956 2088 989 2114 et
1002 2080 1044 2102 *¹*
1065 2080 1206 2115 Ottonis
1223 2092 1346 2127 regum
1369 2080 1640 2116 conciliatio&

435 2171 775 2216 Convenerunt
803 2186 941 2234 erg0‚
979 2169 1198 2234 datisque
1232 2170 1431 2231 dextris,
1471 2170 1691 2219 osculum
1720 2170 1809 2219 sibi

370 2249 472 2295 sine
489 2247 644 2312 aliqua
666 2247 1010 2313 disceptatione
1034 2247 1372 2314 benignissime
1399 2248 1664 2310 dederunt3
1694 2249 1810 2297 ami-

371 2326 537 2373 ciciam
584 2325 862 2372 altrinsecus
910 2336 1208 2374 sacramento
1254 2325 1568 2375 stabilierunt.
1613 2327 1810 2394 Belgicoe

372 2420 481 2468 pars
521 2419 626 2467 quae
660 2404 707 2449 in
743 2402 824 2450 lite
861 2403 1010 2450 fuerat
1059 2405 1105 2450 in
1133 2404 1211 2468 jus
1245 2406 1436 2452 Ottonis
1463 2406 1663 2456 transiit.
1695 2408 1811 2455 Otto

371 2483 505 2547 regni
522 2483 594 2529 sui
611 2498 731 2547 pace
751 2482 889 2542 facta,
911 2482 1091 2530 ltaliam
1110 2483 1260 2549 petiit,
1283 2486 1580 2550 Romamque
1598 2484 1807 2546 devenit,

372 2577 485 2608 suos
509 2561 747 2609 revisurus
771 2571 915 2626 atque
939 2561 1001 2610 de
1029 2558 1161 2626 regni
1187 2572 1309 2610 statu
1339 2564 1650 2628 quaesiturus3
1676 2579 1810 2611 oom-

419 2693 440 2715 ’
465 2692 563 2736 mio,
584 2703 623 2726 os
638 2692 777 2726 abscisa.

419 2747 461 2770 *⁴*
485 2757 538 2791 et,
556 2748 588 2783 ia
605 2747 744 2782 abscisa.
