1872 3372
312 271 392 310 ⁶232
788 270 1010 311 RlCllERl
1043 270 1142 314 ΜΒ.
1178 271 1247 310 lv.

315 379 340 404 α
369 369 523 421 tutus,
551 370 604 408 ut
628 370 675 408 et
707 362 804 426 regi
836 360 1006 421 fidem,
1041 370 1087 409 et
1116 361 1313 410 Arnulfo
1337 378 1394 411 ex
1413 365 1745 430 consanguini-

314 456 338 483 «
366 447 461 486 tate
478 437 783 488 dilectionem
801 439 989 488 debeat.
1014 440 1153 488 Unde
1184 451 1231 489 et
1262 440 1437 489 nullius
1461 441 1560 491 doli
1591 444 1743 511 suspi-

314 537 338 562 «
366 517 497 566 tione
522 518 758 567 tenendus
789 519 902 579 erit,
939 535 1084 585 quem
1111 519 1311 568 fidelitas
1334 519 1518 569 domini
1541 521 1605 571 ad
1616 521 1744 588 judi-

315 617 338 641 «
369 597 486 644 tium
505 596 740 659 incitabit,
763 607 811 646 et
834 598 1003 646 caritas
1021 598 1226 664 proximi
1243 615 1271 647 a
1298 598 1619 649 malivolentia
1635 617 1745 668 pro-

315 695 339 720 «
365 674 562 724 hibeblt.
589 695 614 720 »

710 798 847 833 LVIII.
863 818 911 825 —
930 798 1124 845 Responsio
1144 798 1332 834 anonia.

378 904 448 951 Ad
471 904 561 952 hec
579 907 740 952 Bruno
755 906 1010 972 episcopus
1030 922 1040 951 ε
1068 922 1092 949 «
1114 905 1341 964 Mentem,
1363 922 1389 949 υ
1408 905 1579 971 inquit,
1601 923 1627 952 κ
1643 922 1745 955 ves-

316 1003 338 1027 «
368 992 491 1029 tram
523 983 634 1031 satis
667 983 808 1050 plane
848 982 1074 1047 intelligo.
1109 983 1196 1030 Hic
1226 983 1309 1048 qui
1344 998 1452 1030 reus
1490 985 1744 1049 maiestatis

314 1080 337 1104 «
366 1071 614 1109 accusatur
642 1062 797 1109 carnis
821 1060 1048 1109 affinitate
1080 1060 1198 1108 mihi
1227 1060 1550 1125 conjungitur,
1579 1072 1746 1130 utpote

315 1159 337 1182 «
368 1139 592 1187 avunculi
625 1141 718 1187 mei
760 1139 968 1187 Lotharii
1003 1140 1125 1204 regis
1158 1139 1299 1186 filius.
1339 1139 1477 1188 Unde
1509 1149 1559 1189 et
1590 1151 1745 1191 vestra

316 1237 339 1262 «
367 1217 631 1282 benignitas
650 1218 766 1265 mihi
791 1218 894 1266 fieri
919 1218 1142 1282 injuriam
1159 1218 1328 1266 metuit
1349 1218 1386 1278 ‘‚
1414 1218 1454 1266 si
1470 1218 1745 1285 dignumde
1788 1253 1794 1259 ·

316 1315 341 1341 «
369 1313 427 1344 eo
447 1314 475 1345 a
506 1297 643 1345 vobis
674 1297 941 1363 proferatur
959 1296 1203 1361 juditium.
1240 1296 1335 1344 Sed
1364 1295 1502 1358 absit,
1529 1307 1583 1346 ut
1613 1314 1747 1347 amo-

316 1395 340 1421 «
368 1392 471 1423 rem
511 1376 931 1440 consanguinitatis
975 1375 1147 1422 Christi
1189 1391 1354 1422 amore
1395 1374 1745 1441 praeciosiorem

315 1475 338 1499 «
366 1454 587 1502 habeam.
633 1457 746 1502 Rem
786 1454 915 1502 unde
955 1454 1107 1518 agitur
1141 1453 1363 1501 sanctitas
1401 1463 1557 1502 vestra
1585 1453 1746 1503 subtili

315 1555 338 1579 «
367 1534 590 1599 indagine
615 1551 803 1581 mecum
834 1533 1069 1580 discutiat.
1108 1535 1180 1581 De
1203 1531 1607 1581 condemnatione
1630 1549 1746 1582 oon·

316 1633 339 1657 ι(
368 1614 494 1660 victo
534 1613 777 1661 inferenda
812 1612 931 1659 nihil
964 1621 1251 1670 metuenteS,
1274 1627 1384 1658 cum
1411 1627 1544 1679 aeque
1561 1610 1743 1675 justum

315 1694 448 1753 «sit,
494 1703 543 1740 et
583 1709 718 1740 reum
756 1691 1011 1756 majestatis
1056 1690 1298 1749 damnari,
1344 1699 1390 1737 et
1439 1690 1744 1739 innocentem

317 1794 341 1820 «
369 1775 532 1822 laxari.
558 1794 583 1819 »

310 1907 408 1942 LIX.
420 1926 469 1935 --
479 1905 739 1941 Demonstratio
754 1904 907 1940 Rathodi
921 1906 942 1927 ³*
954 1931 964 1948 ,
991 1904 1088 1951 quod
1110 1904 1267 1938 libellum
1279 1904 1299 1925 ’¹'
1319 1902 1534 1939 infidelitatis
1550 1905 1707 1952 episcopi
1721 1906 1743 1928 ⁴⁹

603 1966 886 2001 Lotliariensium
901 1967 922 1989 ἕ
939 1978 1125 2013 perperam
1135 1968 1154 1988 ⁴⁸¹
1173 1965 1446 2000 calumnientur.

376 2072 637 2132 Ratbodus,
667 2072 997 2119 Noviomensis
1017 2072 1286 2138 episcopus,
1303 2070 1441 2118 dixit:
1459 2090 1483 2117 «
1497 2071 1545 2119 si
1562 2070 1740 2137 placet,

313 2172 335 2197 «
363 2161 523 2217 patres
567 2150 842 2209 reverendi,
887 2149 1100 2197 libellum
1142 2149 1379 2197 fidelitatis
1394 2185 1407 2210 ,
1448 2147 1510 2196 ab
1546 2147 1744 2196 Amulfo

312 2250 335 2275 «
365 2229 614 2295 quondam
652 2228 841 2294 regibus
874 2228 935 2276 de
970 2227 1193 2276 habenda
1228 2227 1324 2275 fide
1368 2231 1678 2293 porrectum,
1715 2244 1744 2276 a

312 2329 336 2354 «
363 2307 502 2356 vobis
520 2324 650 2356 nunc
677 2306 1031 2355 discutiendum
1048 2317 1183 2373 puto.
1210 2306 1408 2354 Videtur
1430 2306 1561 2354 enim
1575 2342 1588 2367 ‚
1609 2305 1744 2372 quod

313 2407 338 2432 «
365 2386 495 2435 solus
518 2386 568 2433 in
602 2385 703 2450 ejus
733 2385 1074 2451 dampnatione
1099 2383 1322 2444 sufficiat,
1353 2401 1413 2432 eo
1444 2383 1579 2450 quod
1596 2382 1745 2433 fidem

311 2487 334 2511 «
359 2465 672 2530 jurejurando
708 2464 991 2529 promissam
1008 2500 1021 2524 ,
1061 2473 1109 2510 et
1135 2479 1306 2510 manus
1339 2462 1517 2528 scripto
1546 2459 1744 2509 robora·

311 2566 335 2591 «
365 2554 491 2604 tam,
533 2541 777 2607 sacrilegio
802 2541 997 2607 perjurii
1035 2541 1226 2607 penitus
1254 2540 1516 2588 violaverit.
1548 2538 1642 2588 Sed
1673 2547 1742 2587 est

311 2645 335 2671 κ
365 2620 598 2689 quiddam
621 2620 755 2685 quod
772 2619 1015 2668 remordet
1030 2655 1043 2679 ‚
1073 2618 1206 2684 quod
1231 2618 1407 2667 scilicet
1424 2634 1452 2666 a
1468 2616 1745 2667 Lotharien·

355 2753 376 2775 ὓ
405 2750 522 2785 Ratbo
535 2776 547 2793 ,
563 2750 694 2785 bellum
708 2775 718 2793 ,
736 2748 891 2796 episcopi
911 2747 960 2790 L,
973 2758 1157 2794 perperam
1174 2745 1311 2779 abscisa.

356 2807 368 2828 ¹
397 2805 504 2842 metui
520 2804 596 2840 cod.
