1890 3380
412 278 466 322 ⁴8
891 277 1018 320 meu
1027 278 1116 321 Em
1147 278 1243 320 Lm.
1277 278 1352 319 111.

626 712 757 749 xmv.
770 731 819 740 —
836 710 944 756 Quod
965 713 1047 746 Atto
1058 711 1080 734 ⁶
1096 711 1218 745 nom·
1236 710 1424 744 moratus*
1441 708 1587 745 decessit
1598 709 1632 743 ¹.

478 824 572 868 Nec
597 820 732 868 latuit
760 835 934 886 papam
971 817 1284 866 adolescentis
1319 816 1575 876 industria,
1612 814 1848 881 simulque

413 909 459 947 et
496 898 710 947 discendi
743 897 978 945 voluntas.
1029 899 1086 944 Et
1118 897 1229 961 quia
1258 896 1438 943 musica
1473 906 1520 943 et
1555 897 1849 944 asu-onomia

412 977 460 1024 in
493 976 622 1024 ltalia
642 986 755 1022 tunc
788 976 976 1039 penitus
1010 974 1369 1039 ignorabantur,
1399 989 1512 1020 mox
1539 988 1663 1039 papa
1681 974 1850 1022 Ottoni

411 1055 509 1118 regi
539 1053 803 1100 Germaniae
829 1062 876 1100 et
911 1051 1051 1100 ltaliae
1083 1069 1169 1118 per
1199 1052 1407 1117 legatum
1448 1050 1675 1100 indicavit
1690 1086 1703 1111 ‚
1738 1050 1851 1099 illuc

412 1130 689 1195 hujusmodi
713 1130 960 1177 advenisse
989 1129 1234 1194 juvenem,
1264 1131 1346 1195 qui
1381 1129 1634 1177 mathesim
1667 1129 1850 1195 optime

411 1219 596 1269 nosset,
637 1225 845 1274 suosque
882 1218 1072 1255 strenue
1108 1207 1283 1255 docere
1321 1207 1514 1256 valeret.
1560 1209 1672 1256 Mox
1708 1207 1851 1256 etiam

412 1286 474 1335 ab
504 1303 614 1351 rege
653 1303 785 1352 papae
821 1296 1092 1350 suggestum
1126 1295 1214 1345 est,
1251 1295 1304 1332 ut
1341 1285 1569 1349 juvenem
1607 1285 1848 1344 retineret,

412 1365 693 1429 nullumque
718 1363 1017 1428 regrediendi
1042 1362 1226 1410 aditum
1243 1363 1286 1410 ei
1312 1363 1411 1410 ullo
1430 1361 1580 1410 modo
1598 1361 1845 1429 praeberet.

412 1443 508 1491 Sed
525 1453 573 1490 et
596 1442 707 1489 duci
731 1452 872 1506 atque
905 1441 1131 1507 episcopo
1156 1441 1239 1505 qui
1269 1440 1331 1488 ab
1356 1440 1591 1506 Hispaniis
1618 1454 1853 1488 convene-

415 1531 539 1579 rant,
575 1537 603 1567 a
629 1536 752 1586 papa
781 1519 1128 1567 modestissime
1152 1517 1394 1577 indicitur,
1423 1533 1583 1582 regem
1607 1516 1729 1566 velle
1761 1516 1852 1565 sibi

410 1600 637 1663 juvenem
661 1597 722 1645 ad
747 1607 935 1662 tempus
959 1597 1178 1656 retinere,
1207 1612 1263 1643 ac
1289 1612 1389 1643 non
1414 1595 1567 1643 multo
1596 1605 1706 1661 post
1738 1611 1852 1643 eum

415 1692 519 1724 sese
543 1692 655 1723 cum
690 1675 878 1722 honore
907 1674 1238 1734 remissurum3
1277 1674 1472 1740 insuper
1500 1673 1644 1721 etiam
1680 1673 1853 1740 gratias

416 1754 528 1802 inde
561 1762 1049 1818 recompensaturum.
1093 1755 1256 1816 ltaque
1292 1751 1404 1799 duci
1446 1767 1502 1799 ac
1536 1750 1766 1818 episcopo
1799 1750 1851 1799 id

414 1848 694 1899 persuasum
730 1841 817 1890 est,
853 1840 906 1877 ut
928 1829 1023 1877 hoc
1052 1839 1192 1895 pacto
1218 1829 1395 1893 juvene
1421 1828 1647 1890 dimisso,
1686 1829 1778 1896 ipsi
1800 1829 1852 1876 in

417 1908 664 1975 Hispanias
705 1908 794 1955 it‘er
826 1898 1171 1972 retorquerent.
1216 1907 1405 1970 juvenis
1440 1906 1582 1972 igitur
1620 1905 1752 1972 apud
1773 1922 1853 1972 pa·

416 2003 528 2053 pam
552 1986 762 2045 relictus,
791 1985 852 2033 ab
876 2001 935 2032 eo
960 1986 1056 2050 regi
1081 1984 1269 2032 oblatus
1295 1995 1379 2033 est.
1403 1986 1497 2044 Qui
1516 1984 1578 2033 de
1604 1995 1705 2033 arte
1728 1985 1842 2032 sua·

417 2064 730 2127 interrogatus
744 2098 756 2122 ,
794 2062 844 2110 in
875 2061 1075 2110 mathesi
1105 2078 1156 2110 se
1189 2063 1299 2110 satis
1331 2079 1499 2128 posse,
1536 2062 1700 2127 logiooe
1733 2077 1850 2109 vero

417 2141 660 2189 scientiam
685 2158 734 2189 se
759 2139 1003 2189 addiscere
1033 2140 1152 2189 velle
1184 2140 1446 2207 respondit.
1480 2139 1551 2188 Ad
1568 2155 1716 2206 quam
1739 2140 1852 2206 quia

417 2219 665 2285 pervenire
692 2217 994 2279 moliebatur,
1034 2235 1133 2268 uon
1158 2218 1281 2268 adeo
1316 2219 1364 2266 in
1400 2217 1624 2268 docendo
1648 2217 1715 2267 ibi
1747 2233 1851 2267 mo-

417 2307 547 2345 ratus
573 2307 659 2345 est.

465 2442 485 2464 ⁴·
509 2450 576 2487 tto,
594 2454 712 2486 mora,
729 2455 745 2478 s
763 2442 900 2478 abscisa.

466 2498 478 2519 ⁸
504 2510 572 2533 vos
587 2498 676 2534 abac.
