1872 3372
338 278 419 319 ⁸266
814 273 1035 315 menam
1066 272 1166 315 Lm.
1202 273 1272 314 tv.

330 382 425 431 que
457 364 519 413 ad
542 365 555 390 ⁴
587 380 738 412 unum
768 362 890 412 latus
913 360 1215 411 obsidionem
1242 377 1329 429 per
1353 371 1528 410 terram
1547 362 1762 425 ordinat3

333 443 394 494 ad
423 442 623 492 alterum
645 458 760 490 vero
796 458 883 507 per
907 441 1108 506 Ligerim
1141 440 1312 489 classes
1340 441 1599 507 piratarum
1623 441 1767 491 adhi-

332 522 413 570 bet
431 522 468 569 ².
505 521 725 586 Undique
742 536 856 584 ergo
882 518 1135 567 obsidione
1162 519 1408 586 disposita,
1438 535 1466 567 a
1490 519 1654 586 piratis
1676 537 1765 587 per
1840 513 1858 528 ⁸

332 601 548 660 fluvium,
582 615 610 647 a
646 598 901 646 Brittannis
923 614 1011 664 per
1044 607 1219 646 terram
1255 598 1426 646 urbani
1460 596 1768 647 vehementer

334 687 580 743 urgentur.
613 679 710 724 Nec
737 676 894 723 minus
920 676 1003 740 qui
1026 675 1075 723 in
1108 692 1217 724 arce
1240 684 1590 735 remanserant,
1635 692 1663 724 a
1686 691 1766 725 su·

331 755 598 822 pei-ioribus
637 753 907 818 jaculorum
948 752 1133 801 diversa
1171 769 1345 818 genera
1390 752 1762 820 praecipitabant.

336 835 536 899 Parique
581 832 923 898 inpugnatione
961 832 1262 897 superiorum
1304 841 1448 896 atque
1488 831 1768 881 inferiorum

331 913 413 977 qui
448 910 594 958 medii
632 920 769 959 erant
809 907 1118 957 vexabantur.
1159 912 1279 957 Nam
1311 909 1395 974 qui
1421 909 1471 957 in
1499 926 1608 958 arce
1637 920 1686 958 et
1718 911 1766 959 in

333 990 587 1038 obsidione
604 989 866 1048 certabant,
888 988 1076 1036 Conani
1096 997 1256 1054 partes
1283 986 1553 1035 tuebantur.
1589 988 1769 1038 Urbani

332 1085 446 1115 vero
470 1084 560 1134 pro
588 1067 808 1115 Fulconis
826 1067 1024 1114 victoria
1045 1082 1244 1132 operam
1263 1065 1457 1114 dabant.
1495 1069 1593 1115 Nec
1611 1068 1770 1116 minus

331 1144 473 1192 Fulco
493 1145 656 1210 copias
678 1143 907 1210 parabat,
935 1152 982 1191 et
1007 1143 1263 1191 exercitum
1295 1152 1393 1191 tam
1418 1142 1481 1191 de
1504 1144 1601 1192 suis
1622 1160 1769 1210 quam

332 1227 644 1275 conducticiis
682 1224 1017 1292 congregabat.
1068 1224 1240 1272 Audito
1272 1224 1289 1249 ³
1346 1240 1461 1272 vero
1516 1227 1769 1276 Conaumm
1801 1266 1806 1272 .

334 1305 440 1352 urbi
457 1305 473 1330 ³
495 1305 797 1353 obsidionem
821 1303 1094 1353 adhibuisse
1113 1302 1130 1328 ⁸
1147 1339 1161 1363 ,
1182 1319 1296 1351 mox
1310 1301 1548 1367 legionem
1572 1303 1771 1354 Brittan-

337 1384 426 1431 niae
451 1383 606 1431 infert.

654 1515 860 1550 Lxxxffl.
873 1534 922 1542 —-
937 1514 1076 1549 Dolus*
1093 1513 1241 1549 Fulconi
1251 1514 1273 1538 *
1288 1522 1442 1562 paratus.

318 1638 342 1653 ο
402 1624 510 1669 Erat
543 1638 740 1688 campus
765 1639 866 1670 non
895 1621 1034 1670 valde
1058 1621 1253 1688 procul,
1287 1621 1584 1687 longitudine
1615 1624 1688 1672 sui
1724 1635 1772 1673 et

333 1697 583 1748 latitudine
616 1711 798 1760 vastus,
837 1700 1063 1749 filicetum
1097 1702 1146 1748 in
1182 1718 1233 1750 se
1268 1702 1530 1750 maximum
1566 1701 1765 1750 habens.

334 1778 421 1825 Hic
446 1781 671 1826 Conanus
697 1779 860 1827 locum
889 1779 1084 1844 gerendi
1110 1779 1224 1827 belli
1247 1781 1558 1839 constituens,
1582 1780 1771 1828 insidia·

334 1873 440 1903 rum
466 1857 605 1904 dolos
624 1857 811 1904 infodit.
842 1860 962 1905 Nam
978 1858 1125 1905 fossas
1149 1874 1295 1923 quam
1319 1858 1479 1924 plures
1505 1858 1570 1906 ibi
1594 1859 1769 1907 inmer-

332 1950 464 1998 gens,
487 1936 627 1999 virgis
652 1946 700 1982 et
722 1935 979 1983 viminibus
1003 1935 1282 2001 stipulisque
1309 1953 1476 1984 earum
1506 1936 1664 1984 hiatus
1687 1936 1768 1985 de·

333 2029 476 2077 super
504 2014 716 2078 operuit,
754 2014 880 2060 intus
913 2014 1112 2061 surculis
1142 2013 1325 2075 defixis,
1359 2016 1443 2079 qui
1473 2016 1716 2081 superiora
1749 2015 1765 2040 ⁴

334 2091 633 2138 continerent
661 2092 675 2115 ⁴
705 2102 751 2139 et
781 2092 1067 2140 soliditatem
1091 2092 1356 2158 superficiei
1390 2093 1681 2142 simularent.
1711 2096 1770 2141 Et

335 2177 387 2214 ut
421 2168 639 2216 simulata
678 2169 952 2235 superficies
995 2172 1184 2236 penitus
1222 2171 1415 2231 lateret,
1457 2171 1629 2220 filicem
1667 2171 1769 2220 col·
1821 2160 1836 2171 Χ

333 2245 506 2294 lectam
530 2247 736 2313 desuper
762 2250 998 2315 respersit,
1023 2250 1311 2316 insidiasque
1331 2251 1655 2301 dissimulavit.

382 2398 401 2413 ⁴⁵
428 2395 516 2439 Dol,
535 2396 572 2431 ni
588 2395 728 2433 abscisa.

385 2453 392 2471 ¹
421 2464 484 2499 per
502 2465 600 2499 supra
611 2454 723 2500 posito
741 2453 787 2487 ad
807 2454 882 2488 cod.

381 2510 395 2528 ²
420 2508 582 2543 adhibuit
599 2522 683 2543 corr.
705 2509 863 2544 adhibet.

381 2566 394 2583 ³
421 2564 571 2605 Audito,
594 2566 660 2599 urb
675 2593 684 2608 ,
707 2565 776 2600 adh
798 2566 941 2603 abscisa,

382 2624 394 2640 ⁴
420 2633 505 2668 supe
516 2647 527 2665 ,
545 2629 629 2656 cont
644 2621 783 2656 abscisa.
