1872 3372
402 303 453 341 ⁸2
880 298 1099 340 Rlcnssm
1133 299 1230 342 [AB.
1266 299 1344 341 m.

403 389 451 438 id
470 389 711 455 agendum
731 390 870 455 copia
891 388 1092 436 militum
1113 403 1210 436 non
1230 387 1482 448 defecerit3
1505 388 1676 453 gratias
1692 388 1836 437 etiam

400 485 503 517 sese
529 467 822 535 quandoque
859 467 1184 524 redditurum,
1221 467 1258 514 si
1297 466 1346 514 id
1380 465 1515 532 quod
1539 466 1671 534 cupit
1698 482 1838 534 equo

399 548 560 596 animo
585 547 882 596 adoriantur.

552 676 684 712 LXIX.
702 695 750 703 —
767 677 923 723 Impetus
940 673 1125 709 Gallorum
1141 681 1355 722 §ponuneus
1367 676 1385 695 ⁹
1404 674 1439 710 in
1459 674 1627 711 ottonem
1640 675 1675 711 ⁸.

463 778 571 823 Mox
588 774 686 822 dux
712 784 757 822 et
781 773 858 821 alii
878 773 1127 838 primate8‚
1157 771 1259 820 sine
1281 771 1577 821 deliberandi
1597 772 1836 823 consulta-

396 855 551 909 tione,
580 851 863 899 sententiam
890 849 1068 913 regiam
1091 848 1329 897 attollunt.
1353 850 1465 898 Sese
1489 860 1661 917 sponte
1684 850 1835 900 ituros

393 948 504 981 cum
522 947 632 996 rege
646 966 658 990 ,
678 940 724 977 et
743 932 972 977 Ottonem
992 937 1074 975 aut
1098 928 1556 995 comprehensuros,
1584 938 1668 977 aut
1690 930 1832 978 inter·

393 1009 601 1056 fecturos
618 1044 630 1067 ‚
669 1015 750 1054 aut
783 1005 1026 1070 fugaturos
1057 1004 1358 1071 pollicentur.
1401 1005 1549 1069 Hujus
1577 1005 1831 1055 consilium

391 1086 591 1151 negotii·
617 1082 966 1132 dissimulatum
989 1081 1052 1131 ad
1067 1099 1332 1149 paucorum
1353 1092 1467 1131 tunc
1484 1083 1705 1132 notitiam
1722 1100 1832 1151 per-

390 1165 552 1213 venire
591 1163 775 1230 potuit,
825 1161 948 1209 adeo
991 1171 1043 1208 ut
1086 1171 1255 1209 euntes
1299 1177 1533 1226 quorsum
1572 1161 1826 1212 nescirent.

385 1242 599 1291 Tandem
631 1239 857 1288 collectus
899 1240 1131 1287 exercitus
1164 1239 1231 1286 sic
1267 1237 1443 1286 densus
1472 1237 1749 1301 incedebat,
1777 1250 1832 1289 ut

387 1330 543 1370 erecta
567 1319 754 1367 hastilia
772 1319 934 1366 lucum
954 1319 1115 1385 potius
1131 1334 1279 1382 quam
1306 1333 1439 1365 arma
1465 1317 1824 1384 portenderent.

388 1399 491 1448 Ibat
526 1415 640 1463 ergo
678 1415 763 1464 per
794 1414 975 1445 cuneos
1004 1396 1211 1444 simbolo
1243 1396 1512 1445 distinctos.
1548 1399 1671 1446 Cum
1711 1415 1828 1448 vero

386 1478 509 1526 vada
543 1479 686 1525 Mosae
712 1476 1108 1534 transmisissent,
1159 1475 1464 1523 centuriones
1499 1477 1743 1526 constituti
1781 1489 1830 1527 et

387 1556 600 1622 dispositi
653 1572 740 1620 per
792 1555 1030 1602 centurias
1076 1556 1305 1601 Ottonem
1362 1570 1462 1601 non
1511 1553 1827 1605 sufficientem

383 1635 561 1682 habere
575 1633 834 1682 exercitum
854 1632 1104 1697 diligenter
1122 1633 1433 1699 contemplati
1457 1643 1570 1682 sunt
1589 1632 1629 1681 ³.
1662 1637 1827 1702 ltaque

385 1712 703 1771 accedebant,
752 1711 1049 1775 multamque
1082 1710 1297 1776 inopiam
1334 1711 1401 1759 rei
1440 1710 1654 1760 militaris
1695 1713 1827 1781 apud

383 1792 570 1839 hostem
597 1789 936 1856 praedicabant.

1047 1886 1160 1921 Lxx.

450 1987 567 2042 Quae
594 1982 712 2030 dum
737 1981 798 2029 ad
824 1997 964 2029 aures
990 1981 1182 2028 Ottonis
1206 1981 1497 2042 referuntur,
1531 1980 1627 2044 ille,
1657 1993 1823 2051 utpote

384 2073 485 2111 erat
514 2061 683 2110 audaci
710 2061 897 2120 animo,
936 2059 1215 2107 Lotharium
1237 2076 1487 2124 nunquam
1511 2059 1612 2109 haec
1637 2077 1823 2127 aggres-

383 2159 491 2190 sum
531 2139 794 2207 respondit.
843 2141 939 2186 Nec
983 2154 1095 2185 vero
1136 2139 1185 2185 in
1221 2154 1328 2185 suas
1366 2148 1525 2203 partes
1564 2137 1822 2191 adventare

382 2220 610 2287 potuisse,
632 2235 743 2266 cum
773 2233 862 2265 nec
887 2217 930 2265 ei
949 2217 1089 2283 copia
1118 2216 1323 2264 militum
1352 2215 1611 2277 sufficeret,
1645 2234 1736 2267 nec
1758 2218 1822 2268 de

380 2299 477 2346 suis
495 2298 605 2346 satis
623 2297 725 2363 spei
742 2295 955 2344 haberet.
978 2298 1034 2342 At
1051 2312 1163 2342 cum
1187 2294 1263 2342 alii
1287 2305 1429 2359 atque
1452 2294 1820 2346 aliiLotharium

374 2377 476 2442 jam
525 2376 691 2424 adesse
724 2374 938 2422 dicerent
957 2411 970 2432 ,
1013 2384 1060 2422 et
1094 2375 1143 2421 in
1177 2390 1236 2422 eo
1277 2385 1657 2440 perseverarent,
1703 2377 1820 2425 Otto

380 2454 552 2502 dixisse
581 2453 728 2502 fertur
754 2469 805 2500 se
829 2452 892 2500 ad
913 2451 988 2498 his
1017 2451 1314 2499 credendum
1344 2451 1477 2499 nullo
1506 2452 1656 2501 modo
1677 2469 1819 2521 posse

377 2531 527 2591 allici,
558 2532 650 2580 nisi
682 2531 781 2597 ipse
811 2545 1007 2596 quoque
1031 2529 1242 2577 videndo
1277 2546 1363 2595 per
1396 2547 1498 2578 sese
1530 2530 1811 2580 addisceret.

422 2695 441 2713 '⁸
466 2700 655 2735 omanem,
673 2690 842 2726 Ottonem
863 2690 1002 2725 abscisa.

430 2750 438 2768 ¹
466 2761 505 2784 n.
524 2757 674 2784 tractant
690 2756 794 2794 atque
818 2747 984 2782 ordinant
999 2747 1091 2781 Galli
1111 2747 1228 2781 Celtae.
1249 2747 1356 2790 Quod
1375 2746 1495 2781 deleta.

418 2810 433 2830 ⁸
458 2822 485 2842 s.
507 2806 698 2841 centuriati
718 2805 740 2838 i.
764 2804 884 2838 deleta.
