1872 3372
309 271 393 310 220
809 266 1031 308 mcnsslu
1062 267 1162 308 LlB.
1196 267 1269 309 lv,

312 362 424 407 Post
446 373 562 407 vero
592 366 757 424 optata
785 355 892 405 luce
915 356 1129 417 reddita,
1160 357 1308 405 nimia
1331 356 1487 405 esurie
1516 357 1721 408 confecti
1738 395 1754 420 ,

310 437 542 486 maturius
555 436 809 485 affuerunt.
832 436 910 483 Eis
926 437 1070 484 etiam
1083 435 1178 484 cibi
1195 435 1335 495 illati;
1350 451 1546 484 annona
1563 447 1760 503 quoque

311 531 422 564 cum
446 515 620 581 paleis,
653 515 786 579 equis
810 514 1077 580 anteposita
1105 524 1192 563 est.
1225 514 1576 581 Dimittensque
1600 514 1762 566 abbati

313 594 573 660 Augustino
590 593 600 617 ⁴
634 609 839 659 puerum
856 591 1085 658 peditem,
1105 591 1210 640 solo
1229 594 1492 641 Carnotino
1507 593 1763 642 comitatus

313 675 575 721 Carnotum
610 671 782 737 raptim
809 669 999 718 deveni.
1047 669 1186 718 Unde
1210 686 1323 719 mox
1352 672 1486 737 equis
1520 671 1728 720 remissis
1745 707 1759 732 ,

315 751 376 800 ab
404 750 522 799 urbe
554 749 783 797 Meldensi
820 766 1027 815 puerum
1067 751 1305 799 revocavi.
1340 753 1451 810 Quo
1485 750 1686 801 reducto
1715 760 1766 800 et

316 830 451 879 omni
476 827 795 876 sollicitudine
822 837 1009 887 amota,
1033 828 1083 875 in
1117 827 1404 894 aphorismis
1426 828 1444 855 ²
1480 829 1764 898 Yppocratis

318 908 565 973 vigilanter
587 906 748 954 studui
764 906 803 965 ²,
825 904 956 971 apud
971 904 1210 955 domnum
1226 905 1563 956 Herbrandum
1581 923 1767 974 magnae

321 986 609 1035 liberalitatis
628 995 770 1050 atque
789 984 995 1032 scientiae
1009 985 1183 1033 virum.
1198 987 1253 1032 In
1270 983 1444 1050 quibus
1456 1001 1569 1035 cum
1579 994 1766 1034 tantum

319 1064 624 1131 prognostica
649 1062 933 1111 morborum
962 1063 1250 1129 accepissem
1264 1099 1277 1122 ‚
1305 1073 1354 1111 et
1377 1062 1577 1130 simplex
1595 1063 1768 1130 egritu-

321 1142 490 1190 dinum
516 1141 726 1206 cognitio
754 1140 965 1207 cupienti
991 1156 1092 1188 non
1117 1139 1381 1201 sufficeret,
1402 1141 1518 1208 petii
1536 1141 1680 1191 etiam
1704 1140 1768 1192 ab

322 1238 381 1269 eo
405 1220 662 1268 lectionem
696 1219 798 1283 ejus
827 1218 959 1280 libri,
998 1219 1082 1284 qui
1113 1218 1385 1268 inscribitur
1420 1219 1483 1269 de
1509 1219 1794 1271 concordia·

324 1298 623 1364 Yppocratis,
652 1297 838 1345 Galieni
855 1297 871 1322 ³
901 1306 949 1345 et
972 1298 1159 1345 Surani.
1187 1298 1333 1357 Quod
1350 1308 1398 1348 et
1417 1298 1770 1366 obtinuifflcum

325 1394 438 1425 eum
472 1378 520 1424 in
549 1386 650 1424 arte
683 1376 1024 1443 peritissimum
1039 1412 1053 1436 ,
1084 1376 1369 1439 dinamidia,
1407 1378 1764 1440 farmaceutica,

326 1455 570 1518 butanica,
591 1465 733 1521 atque
751 1455 981 1520 cirurgica
1000 1472 1101 1503 non
1119 1454 1336 1504 laterent.

382 2149 443 2183 Ll.
457 2150 623 2193 —Quod
645 2164 688 2186 ex
713 2153 854 2199 querela
864 2153 886 2175 ⁴⁸
908 2152 1242 2201 reprehendentium
1252 2153 1273 2175 ¹*
1300 2153 1502 2201 captionem
1512 2153 1534 2175 ’
1558 2149 1696 2187 Arnum
1711 2174 1729 2193 r

669 2212 764 2259 regio
782 2214 801 2235 ¹·
818 2214 916 2260 jussu
927 2214 948 2236 ³⁸*
962 2213 1108 2248 sinodus
1122 2214 1143 2236 *
1159 2214 1280 2249 habita
1291 2215 1312 2237 ³⁸
1333 2222 1385 2250 est
1395 2214 1430 2248 ἦ

400 2321 494 2368 Sed
514 2332 566 2370 ut
584 2323 684 2387 jam
703 2324 959 2390 superioris
974 2325 1151 2390 negotii
1169 2325 1339 2372 seriem
1358 2332 1646 2391 repetamuS,
1664 2337 1780 2384 cum

336 2399 398 2448 de
422 2401 634 2468 episcopi
652 2404 872 2468 captione
897 2403 1041 2469 aliqui
1064 2405 1329 2451 amicorum
1351 2403 1367 2427 ⁴
1397 2402 1773 2468 indignarentur,

382 2524 405 2546 ¹
429 2536 513 2558 uere
527 2551 538 2568 ,
554 2524 669 2561 eaden
680 2553 691 2570 ,
709 2527 841 2561 tionem
854 2554 864 2570 ‚
884 2528 963 2575 gio,
981 2529 1037 2574 jus
1047 2540 1135 2570 ,,ιιε,
1153 2527 1200 2561 ha
1215 2554 1225 2571 ,
1243 2536 1269 2561 t.
1287 2540 1328 2561 ez
1351 2529 1490 2574 conjece.

385 2591 396 2611 ¹
423 2583 492 2640 au}
507 2606 537 2627 c.
558 2593 608 2625 uei
623 2600 657 2625 et
674 2594 710 2626 in
734 2594 920 2639 necrologio
943 2596 981 2627 S.
1001 2594 1142 2627 Far-onis
1167 2593 1345 2628 meldensis
1372 2605 1536 2629 occurren
1557 2589 1719 2633 videtum
1734 2603 1773 2625 v.

341 2647 484 2683 Galliam
505 2649 739 2683 Christianam.

384 2706 401 2727 ²
424 2706 491 2741 mis
504 2732 515 2749 ,
532 2705 595 2740 dui
612 2706 750 2740 abscisa.

385 2763 400 2783 ⁸
425 2765 473 2797 ica
491 2763 565 2797 cod.

386 2819 400 2840 ⁴
420 2819 681 2855 scolasticorum
699 2832 782 2854 corr.
802 2820 1009 2854 amicorum.
