1872 3372
335 286 407 324 118
817 284 1039 324 RlCHERl
1072 284 1172 327 ΜΒ.
1204 284 1284 325 ΙΙΙ.

803 410 899 445 XCV
904 411 933 445 1.
957 428 1004 436 —
1019 409 1146 445 Obitus
1161 408 1315 445 Ottonis.

391 522 492 568 Hac
512 530 790 586 tempestate
809 524 924 568 Otto
942 536 1054 567 cum
1074 519 1292 568 Bai-baris
1308 535 1610 584 congressus,
1630 518 1772 569 mine-

327 597 463 647 rabili
506 599 706 647 sortunae
747 598 1014 647 succubuit.
1052 601 1172 647 Nam
1213 608 1262 647 et
1302 598 1563 647 exercitum
1611 597 1771 647 finum

326 677 507 737 amisit,
533 688 581 725 et
610 677 710 744 ipse
735 688 902 744 captus
925 677 987 725 ab
1017 676 1235 725 hostibus
1252 713 1264 737 ,
1293 677 1456 725 divina
1481 692 1597 725 vero
1622 677 1772 743 gratia

327 772 543 804 reversus
562 756 663 804 fuit.
695 758 809 805 Post
831 773 943 804 cum
967 772 1026 804 ex
1051 755 1367 821 indigestione
1396 759 1556 804 Romae
1579 754 1770 804 labora·

329 844 424 893 ret,
454 844 501 883 et
529 835 737 883 intestini
762 834 1002 900 squibalas
1020 852 1078 883 ex
1110 834 1425 883 melancolico
1457 834 1664 884 humore
1686 852 1772 902 pa·

327 924 521 974 teretur,
550 913 689 962 aloen
709 914 770 962 ad
790 914 983 980 pondus
1007 913 1314 979 dragmarum
1333 923 1542 979 quatuor
1558 914 1772 963 sanitatis

326 992 494 1041 avidus
541 994 758 1059 sumpsit.
812 992 1215 1058 Conturbatisque
1261 991 1552 1053 visceribus,
1594 991 1773 1041 diarria

321 1071 447 1136 jugis
471 1082 727 1136 prosecuta
757 1081 843 1119 est.
873 1071 1019 1135 Cujus
1042 1072 1301 1119 continuus
1328 1070 1506 1130 fluxus,
1539 1071 1773 1120 emorroi-

327 1150 412 1198 des
443 1162 681 1199 tumentes
714 1152 998 1218 procreavit.
1043 1154 1161 1210 Quae
1189 1151 1333 1198 etiam
1369 1150 1652 1215 sanguinem
1684 1150 1773 1199 im·

326 1230 631 1278 moderatum
654 1230 970 1289 effundentes,
995 1240 1203 1278 mortem
1228 1239 1337 1296 post
1361 1228 1465 1276 dies
1490 1244 1591 1277 non
1606 1228 1772 1296 plures
1820 1256 1825 1262 ·

327 1319 534 1375 operatae
558 1319 685 1357 sunt.

962 1412 1061 1448 XCV
1065 1413 1115 1447 11.

392 1509 480 1557 Cui
505 1508 732 1556 defuncto
758 1507 882 1556 filius
906 1507 1230 1573 quinquennis
1253 1510 1369 1555 Otto
1394 1517 1635 1574 superstes
1650 1517 1768 1558 erat.

328 1588 484 1645 Quem
510 1588 634 1654 patri
661 1586 919 1635 succedere
943 1587 992 1635 in
1022 1604 1224 1651 regnum
1251 1604 1364 1634 cum
1389 1586 1573 1653 aliquot
1593 1587 1773 1654 prima·

326 1678 397 1716 tes
428 1669 719 1729 voluissent,
759 1669 808 1716 id
833 1668 894 1716 ab
918 1669 1155 1734 aliquibus
1184 1669 1536 1718 contradictum
1570 1679 1659 1718 est.
1692 1672 1774 1719 ln-

327 1748 455 1812 genti
480 1757 640 1795 tamen
668 1748 841 1795 virtute
860 1748 1084 1813 variaque
1110 1747 1300 1795 fortuna
1316 1749 1360 1795 ei
1385 1763 1589 1812 regnum
1604 1756 1775 1814 postea

326 1837 634 1892 paraverunt.
660 1830 780 1874 Nam
799 1827 963 1875 Hezilo
977 1864 989 1888 ‚
1018 1828 1140 1892 regis
1160 1826 1304 1894 paulo
1331 1837 1442 1875 ante
1460 1826 1673 1890 defuncti
1690 1842 1774 1895 pa-

328 1904 508 1964 truelis,
536 1906 619 1971 qui
643 1905 803 1953 adhuc
829 1906 878 1952 in
904 1922 1093 1953 carcere
1118 1907 1308 1954 vinctus
1332 1905 1395 1953 ab
1419 1922 1479 1954 eo
1498 1902 1770 1966 tenebatur,

327 2000 386 2032 eo
418 1984 552 2050 quod
581 1985 810 2032 adversus
833 2001 946 2032 eum
971 2002 1174 2049 regnum
1200 1994 1469 2051 appeteret,
1510 1982 1773 2051 pravorum

326 2062 452 2112 dolis
478 2064 527 2111 in
553 2064 807 2129 pernitiem
827 2064 895 2111 rei
917 2063 1120 2129 publicae
1143 2063 1355 2130 elapsuS,
1384 2074 1430 2111 et
1445 2061 1771 2129 quorumdam

325 2142 673 2189 munitionibus
707 2151 924 2208 receptus
957 2153 1044 2190 est.
1077 2143 1162 2189 Vir
1192 2158 1326 2207 aeque
1352 2151 1405 2189 ut
1429 2144 1545 2190 Otto
1574 2140 1773 2203 nobilis,-

323 2237 531 2287 corpore
557 2221 760 2286 eleganti
783 2237 839 2269 ac
866 2221 1051 2281 valido,
1082 2221 1281 2269 honoris
1299 2220 1504 2287 cupidus
1524 2237 1582 2268 ac
1604 2220 1772 2269 factio-

323 2317 425 2360 sus3
453 2300 616 2347 animo
647 2310 782 2347 vasto
800 2337 812 2360 ‚
859 2300 944 2348 sed
977 2299 1145 2348 fallaci.
1182 2301 1269 2347 Hic
1304 2298 1535 2365 regnandi
1569 2287 1765 2365 avidus,

322 2395 493 2428 omnes
511 2379 764 2445 sacrilegos
775 2416 787 2439 ‚
807 2390 886 2428 aut
899 2378 1083 2444 juditiis
1099 2380 1370 2439 convict05‚
1392 2379 1491 2426 sive
1515 2378 1661 2427 etiam
1676 2394 1768 2448 pro

322 2457 455 2506 factis
480 2457 708 2524 juditium
746 2459 994 2518 timentes,
1029 2468 1275 2525 postremo
1309 2475 1479 2506 omnes
1510 2457 1769 2523 flagitlosos

320 2552 444 2600 quos
467 2537 689 2584 conscius
713 2538 902 2585 animus
921 2537 1211 2602 exagitabat,
1239 2537 1330 2585 sibi
1357 2537 1605 2603 proximos
1628 2518 1685 2602 aq
1702 2535 1768 2586 fa·

321 2614 526 2663 miliat-es
542 2615 666 2663 fecit.
696 2616 881 2663 Talium
899 2616 1045 2676 dolis,
1075 2617 1198 2681 regis
1223 2616 1435 2664 defuncti
1463 2607 1766 2683 superstitem

320 2693 470 2741 filium
499 2696 728 2742 Ottonem
755 2712 956 2761 parvum
985 2697 1167 2761 rapuit,
1199 2697 1302 2760 ejus
1327 2695 1438 2743 loco
1467 2710 1572 2762 sese
1593 2709 1765 2760 regua-

317 2782 478 2821 turum
506 2784 650 2821 ratus.
683 2777 894 2838 Regnum
915 2792 1028 2837 ergo
1052 2777 1187 2823 sicin
1209 2793 1349 2822 suum
1374 2775 1452 2838 jus
1477 2772 1666 2822 refimdi
1691 2792 1764 2823 ar·
