1890 3380
398 244 450 278 ξω
864 240 1081 280 menam
1115 241 1214 281 Lm.
1249 241 1327 282 ΙΙΙ.

399 351 419 372 «
451 345 544 393 que
572 328 692 375 illius
720 330 933 393 propi-ia,
973 338 1124 375 vestra
1159 329 1370 378 similiter
1401 330 1678 378 auctoritate
1713 346 1827 378 cou-

400 428 420 450 «
454 407 681 455 firmetur.
723 425 744 448 υ

1033 500 1187 535 xxvn.

462 597 531 645 Ad
556 597 655 645 haec
680 597 890 644 domnus
915 613 1038 663 papa
1072 617 1080 642 ;
1114 617 1138 641 «
1170 599 1258 644 Res
1287 616 1310 642 υ
1344 598 1498 664 inquit
1523 619 1547 644 «
1577 599 1744 648 domni
1774 616 1830 648 ac

399 696 419 718 «
450 675 639 741 patroni
671 675 854 723 nostri⁴
892 674 1113 740 Remigii,
1153 675 1305 723 nostri
1334 676 1626 742 apostolatus
1649 687 1833 727 senten-

398 774 420 796 «
453 754 515 800 tia
545 751 739 801 stabiliri
768 762 988 819 tutasque
1012 754 1060 800 in
1089 763 1374 820 perpetuum
1399 753 1523 816 fieri,
1552 756 1671 823 quin
1688 756 1830 807 etiam

399 853 420 875 «
452 831 514 879 de
547 841 631 879 tuo
660 830 890 896 quicquid
919 831 1074 897 placet
1097 831 1236 893 addi,
1264 832 1571 884 libentissime
1592 833 1825 893 comeda

399 930 419 952 α
451 910 636 975 Scripto
673 910 816 958 etiam
849 909 897 956 id
929 909 1145 959 roborari
1176 928 1276 960 non
1309 912 1466 961 solum
1495 929 1629 973 mea,
1668 913 1755 964 sed
1783 925 1832 962 et

399 1012 419 1034 u
451 991 626 1038 horum
650 992 734 1055 qui
766 990 942 1039 adsunt
975 993 1311 1060 episcoporum
1347 996 1627 1043 auctoritate
1662 998 1832 1044 consti—

398 1091 419 1114 «
452 1080 551 1116 tuo.
590 1089 612 1112 υ
648 1071 855 1134 Moxque
892 1071 1121 1137 scriptum
1158 1072 1213 1120 iri
1239 1072 1399 1136 jussit,
1428 1087 1690 1138 coramque
1718 1074 1831 1121 scri·

397 1158 532 1211 ptum
557 1146 646 1211 legi
677 1148 913 1213 praecepit.

1022 1244 1197 1280 xxvm.

459 1325 604 1388 Cujus
629 1335 782 1373 textus
806 1326 1081 1389 hujusmodi
1106 1338 1205 1375 est:
1240 1349 1260 1372 «
1293 1329 1535 1378 Johannes
1554 1347 1720 1381 servus
1741 1348 1833 1380 sei·—

397 1422 419 1445 «
450 1419 619 1449 vorum
645 1403 732 1451 Dei
752 1402 769 1427 ²
780 1439 918 1450 .......
956 1424 979 1446 ›·

1045 1535 1181 1570 XXIX.

460 1615 603 1673 Quod
637 1602 687 1663 in
712 1616 906 1663 auribus
940 1619 1158 1665 omnium
1195 1621 1277 1684 qui
1307 1620 1505 1669 aderant
1535 1623 1824 1688 perlectum,

396 1692 531 1757 sigilli
563 1694 635 1740 sui
674 1704 787 1742 nota
829 1695 1097 1760 insignivit,
1147 1707 1289 1762 atque
1334 1699 1566 1766 episcopis
1601 1700 1831 1751 robenu-

396 1770 513 1817 dum
547 1772 772 1837 porrexit.
812 1772 996 1831 Quibus
1036 1775 1198 1839 gestis,
1234 1777 1627 1844 metropolitanus
1661 1777 1830 1829 domni

395 1865 528 1913 papae
569 1858 711 1914 atque
748 1850 1085 1917 episcoporum
1126 1853 1315 1902 licentia
1358 1855 1619 1921 digressuS,
1667 1857 1830 1911 Galliis

395 1942 498 1973 sese
521 1927 719 1993 recepit,
760 1928 1038 1995 directoque
1066 1932 1231 1981 itinere
1263 1935 1413 1982 sancti
1444 1935 1655 2002 praedicti
1679 1938 1831 2004 sepul-

395 2002 565 2052 chrum
593 2004 793 2054 devotus
822 2009 981 2073 petiit,
1015 2010 1153 2074 eique
1180 2011 1230 2058 in
1254 2012 1453 2078 collegio
1481 2014 1829 2065 monachorum

397 2082 694 2147 privilegium
733 2086 963 2151 scriptum
1006 2088 1190 2153 legavit.
1236 2092 1457 2140 Monachi
1503 2093 1671 2142 datum
1712 2096 1832 2143 exci-

397 2159 601 2224 pientes,
631 2162 823 2211 archivo
849 2166 1135 2214 servandum
1165 2169 1417 2230 mandant,
1449 2173 1716 2238 gratiasque
1739 2190 1829 2238 pro

397 2247 525 2285 tanta
555 2239 831 2289 liberalitate
857 2243 1080 2292 decenter
1104 2247 1395 2311 impertiunt.

443 2455 457 2475 ²
482 2455 686 2496 membrana,
707 2460 758 2490 cui
783 2459 895 2492 charta
913 2461 1067 2508 inscripta
1096 2470 1188 2502 emt,
1211 2465 1283 2508 jam
1306 2465 1452 2505 accidit,-
1478 2467 1701 2514 apographum
1719 2477 1830 2504 estare

396 2511 505 2545 scribit
521 2512 609 2546 Guil.
626 2514 747 2547 Marlot
760 2516 792 2547 in
811 2517 956 2549 Historia
969 2518 1152 2565 metropolis
1164 2521 1323 2554 Remcnsis
1336 2524 1382 2554 Il.
1405 2522 1438 2556 9..
1453 2522 1512 2556 sed
1526 2522 1567 2558 ob
1584 2536 1705 2559 annum
1715 2529 1830 2573 pomi·

387 2565 512 2612 ficams
523 2595 534 2608 ,
553 2571 607 2616 qui
623 2570 775 2604 scribitur
789 2581 920 2606 octavus
932 2600 940 2610 ,
962 2584 1150 2620 suspectum.
