1890 3380
346 212 396 251 24
844 210 1063 251 mentitu
1096 211 1194 252 Lm.
1231 212 1306 253 ΙΙΙ.

346 300 400 347 lis
443 309 633 348 stantes.
672 306 886 358 Quarum
925 300 1292 367 uniuscnjusque
1320 301 1403 349 ala:
1435 310 1637 350 extensae
1675 301 1773 351 duo

345 377 492 427 latera
522 377 680 427 altaris
719 394 868 443 usque
907 378 968 426 ad
1016 376 1230 427 medium
1273 378 1575 427 obvelabant.
1618 379 1776 429 Facies

346 471 462 504 vero
485 471 610 521 agno
636 454 924 504 inmaculato
949 470 1204 503 conversas
1230 455 1555 505 intendebant.
1587 458 1640 503 ln
1678 471 1778 521 quo

346 533 489 580 etiam
538 532 767 580 ferculum
816 532 1085 580 Salomonis
1126 532 1297 581 imitari
1342 533 1606 583 videbatur.
1656 532 1781 582 Fecit

346 627 539 676 quoque
563 610 902 659 candelabrum
926 609 1223 676 septifidum,
1251 610 1301 658 in
1335 628 1433 676 quo
1462 628 1574 660 cum
1597 620 1780 679 septem

346 687 407 736 ab
444 705 542 736 uno
585 699 855 753 surgerent,
898 687 1015 736 illud
1056 686 1319 754 significare
1357 688 1608 740 videbatur
1647 688 1779 756 quod

346 766 408 815 ab
457 783 555 815 uno
597 767 772 832 Spiritu
808 776 989 832 septem
1028 767 1283 832 gratiarum
1321 767 1451 817 dona
1487 767 1777 819 dividantur.

349 844 444 889 Nec
477 842 635 888 minus
674 852 720 889 et
760 857 919 890 arcam
950 857 1096 907 opere
1137 841 1370 907 eleganti⁸
1417 842 1686 904 decoravit,
1732 843 1782 892 in

348 937 442 984 qua
460 920 641 984 virgam
668 930 715 968 et
739 935 932 979 manna,
954 919 1002 967 id
1027 929 1099 967 est
1116 929 1393 968 sanctorum
1410 920 1650 987 reliquias,
1670 937 1784 988 opo.b

350 997 458 1044 ruit.
489 999 703 1044 Coronas
736 1012 933 1061 quoque
966 1012 1066 1044 non
1098 997 1295 1045 minima
1330 998 1527 1063 inpensa
1561 996 1785 1047 &bnefic-

348 1085 417 1120 tas
452 1074 499 1119 in
537 1073 755 1120 aecclesiae
783 1072 929 1121 decus
962 1074 1226 1139 suspendit.
1274 1076 1432 1133 Quam
1463 1074 1679 1123 fenestris
1715 1074 1786 1124 di-

350 1166 506 1198 versas
530 1150 886 1199 continentibus
921 1152 1141 1199 historias
1171 1152 1506 1212 dilucidatam,
1544 1154 1788 1221 campanis

349 1229 666 1294 mugientibus
690 1231 784 1277 acsi
810 1239 1055 1278 tonantem
1081 1230 1228 1278 dedit.

991 1372 1128 1407 xxiv.

415 1460 682 1507 Canonicos
707 1461 867 1518 etiam,
894 1460 1044 1524 quiin
1072 1459 1276 1525 propriis
1299 1459 1527 1524 hospiciis
1558 1458 1787 1525 degentes

355 1544 540 1583 tantum
579 1552 663 1583 sna
695 1536 950 1594 curabant,
983 1536 1090 1600 jure
1132 1536 1490 1583 communitatis
1520 1535 1680 1585 vivere
1716 1536 1789 1584 in—

355 1614 535 1661 struxit.
581 1614 718 1661 Unde
761 1625 806 1661 et
848 1613 1106 1661 claustrum
1142 1615 1433 1661 monasterio
1476 1613 1664 1663 addidit
1682 1650 1696 1676 ,
1741 1615 1789 1663 in

355 1708 453 1755 quo
490 1692 567 1739 die
602 1702 842 1740 morantes
882 1692 1242 1751 cohabitarent,
1289 1709 1479 1741 necnon
1519 1703 1568 1741 et
1612 1693 1791 1742 dormi-

358 1772 559 1827 torium,
615 1770 695 1817 ubi
744 1780 889 1818 noctu
931 1772 978 1817 in
1011 1770 1197 1819 silentio
1231 1772 1554 1836 quiescerent,
1591 1771 1791 1820 refecto·

357 1849 480 1895 rium
505 1865 721 1912 quoque,
750 1848 832 1895 ubi
858 1848 919 1895 de
945 1850 1191 1896 communi
1215 1850 1518 1898 considentes
1545 1849 1793 1899 reficeren-

360 1936 451 1973 tur.
494 1930 732 1990 laegesqnw
759 1927 999 1991 ascripsit,
1047 1936 1098 1974 ut
1127 1927 1355 1975 orationis
1383 1938 1601 1994 tempore
1630 1930 1681 1976 in
1705 1945 1792 1976 aec·

311 2056 313 2058 ,
359 2003 500 2051 elesia
532 2004 646 2051 nihil
678 2005 768 2051 nisi
797 2005 931 2069 signo
958 2015 1196 2070 peterent,
1230 2016 1399 2071 praeter
1433 2006 1566 2071 quod
1592 2007 1793 2056 necessi-

362 2083 467 2129 tatis
498 2082 681 2129 afferret
718 2082 947 2147 inpulsio;
982 2082 1144 2130 cibum
1171 2100 1264 2131 una
1296 2084 1515 2132 taciturni
1538 2095 1790 2151 capemnt3

364 2170 471 2225 post
494 2160 773 2226 prandium,
803 2162 851 2207 in
881 2162 1135 2225 gratiarum
1168 2162 1355 2210 actione
1394 2162 1560 2211 laudes
1582 2164 1687 2211 Deo
1711 2163 1794 2211 de-

364 2249 635 2296 cantat-enm
658 2240 972 2304 completorio
997 2257 1112 2287 vero
1136 2240 1350 2306 explet0,
1383 2241 1623 2289 silentium
1644 2258 1794 2306 usque

364 2315 526 2362 laudes
551 2317 803 2364 matutinas
829 2317 1097 2365 nullatenus
1123 2317 1369 2365 violarent.
1395 2321 1499 2366 Jam
1517 2318 1792 2384 horoscopo

367 2395 582 2458 pulsante
619 2395 828 2452 excitati,
867 2395 928 2442 ad
959 2395 1122 2442 laudes
1164 2396 1501 2461 persolvendas
1535 2413 1636 2445 sese
1679 2412 1795 2462 prae-

366 2473 527 2521 venire
570 2473 928 2521 contenderent.
979 2477 1095 2521 Antc
1139 2474 1305 2521 horam
1341 2474 1434 2521 diei
1469 2475 1696 2539 primam,
1742 2474 1795 2522 li-

367 2551 522 2599 bertas
562 2553 832 2614 egrediendi
870 2571 895 2599 a
937 2553 1141 2601 claustro
1183 2555 1358 2602 nemini
1399 2570 1623 2602 concessa
1658 2563 1788 2611 erat,

413 2710 420 2727 ⁸
450 2723 479 2740 ··.
501 2717 643 2754 argo-nto
661 2721 812 2754 sun-oqua-
830 2708 946 2741 ula-lem.
