1890 3380
410 261 461 302 44
886 267 1108 310 menam
1139 269 1238 310 Lm.
1274 270 1351 310 111.

411 369 434 394 ι(
465 348 683 400 additum
709 364 794 402 est.
829 357 1047 414 Quorum
1079 374 1307 406 numerus
1331 375 1442 407 cum
1471 376 1526 407 ex
1553 359 1669 408 locis
1692 360 1841 410 diver-

410 445 434 470 «
463 428 525 475 sis
547 427 780 495 plurimus
807 444 953 493 esset,
981 450 1008 482 a
1033 434 1299 501 pluralitate
1333 435 1569 484 malorum
1598 436 1840 487 bonorum

409 510 433 547 ὁ(
461 506 686 571 paucitati
713 507 761 555 id
786 525 1061 574 persuasum
1087 522 1171 559 est.
1216 531 1239 556 n

760 628 857 665 XLI.
871 649 920 657 —
934 629 1019 665 De*
1035 630 1260 666 femoralibus
1275 632 1295 652 ⁵
1317 630 1489 678 iniquis..

472 729 495 754 «ι
526 709 619 757 Sed
648 710 764 775 quid
791 712 1036 760 femoralia
1062 714 1224 779 iniqua
1265 714 1497 763 referam?
1529 717 1716 764 Horum
1751 726 1822 765 et-

409 806 432 830 «
462 787 588 835 enim
617 788 798 837 tibiales
813 800 982 855 quater
1006 791 1287 857 sesquipede
1304 803 1484 858 patent,
1515 801 1658 860 atque
1675 811 1732 843 ex
1756 804 1843 842 sta·

408 885 431 909 «
461 866 602 914 minis
642 868 897 918 subtilitate
939 871 1082 918 etiam
1125 870 1352 936 pudenda
1398 872 1692 922 intuentibus
1740 890 1839 922 non

407 960 430 985 «
458 952 744 1008 protegunt;
786 947 834 994 in
877 963 1084 1011 quorum
1125 948 1472 1014 compositione
1520 948 1568 997 id
1593 946 1694 997 'uni
1740 966 1841 998 non

407 1039 429 1063 «
460 1020 631 1069 sufficit
646 1058 658 1080 ‚
693 1039 791 1087 quo
819 1023 918 1071 duo
937 1026 1150 1072 contenti
1173 1025 1234 1073 ad
1259 1025 1456 1092 plenum
1481 1042 1582 1075 esse
1608 1026 1835 1076 valerent.

407 1118 429 1141 «
460 1100 568 1146 Haec
601 1116 764 1148 coram
794 1101 872 1149 hic
908 1102 1078 1163 relata,
1126 1121 1186 1152 an
1227 1104 1472 1170 prohiberi
1503 1104 1684 1167 velitis,
1722 1105 1842 1154 indi·

406 1195 429 1219 «
460 1186 579 1224 cate.
621 1180 798 1227 Caetera
831 1197 946 1229 vero
978 1183 1153 1230 nostris
1189 1183 1403 1231 conciliis
1436 1184 1484 1231 in
1518 1176 1704 1250 privato
1740 1200 1843 1232 cor-

405 1273 428 1298 «
459 1254 653 1320 rigenda
690 1267 817 1305 sunt.
865 1278 888 1303 υ
934 1260 1141 1308 Sinodus
1176 1259 1293 1309 dixit
1334 1279 1344 1307 :
1389 1280 1412 1305 «
1457 1263 1515 1309 Et
1551 1261 1839 1328 prohibean-

405 1350 430 1376 «
459 1341 551 1380 tur.
592 1353 616 1378 »

616 1434 732 1470 XLII.
749 1455 798 1463 —
813 1436 1007 1485 Responsio
1024 1438 1285 1486 metropolitani
1307 1437 1353 1474 ad
1368 1438 1557 1486 primatem
1571 1439 1628 1474 θ’.

467 1516 539 1564 Ad
561 1517 662 1566 haec
694 1536 888 1586 quoque
927 1522 1322 1588 metropolitanus
1353 1521 1596 1586 subjunxit
1625 1541 1635 1569 :
1668 1541 1694 1568 ι(
1724 1524 1841 1571 Gra-

407 1613 431 1639 «
458 1595 613 1643 vitatis
642 1597 839 1661 quidem
876 1610 1040 1647 vestrae
1075 1600 1161 1648 fuit
1197 1616 1350 1667 pauca
1380 1599 1587 1648 dicendo
1622 1599 1840 1667 pluribus

406 1692 431 1717 «
457 1689 679 1738 parcere;
716 1676 799 1724 sed
830 1678 1058 1741 quoniam
1091 1678 1192 1725 haec
1225 1695 1331 1743 quae
1366 1678 1751 1744 reprehensimus
1789 1680 1839 1728 in

406 1770 431 1796 α
458 1762 616 1800 vestro
650 1754 820 1802 ordine
851 1755 1124 1820 subjacent,
1158 1757 1249 1804 alia
1281 1756 1446 1817 nobis,
1476 1756 1568 1805 alia
1602 1773 1718 1806 vero
1748 1758 1840 1824 pri-

405 1849 430 1876 «
456 1831 575 1878 vatis
611 1832 822 1880 conciliis
864 1835 1145 1899 corrigenda
1182 1835 1428 1899 judicatis,
1474 1835 1604 1883 idem
1644 1836 1799 1884 sentio
1821 1873 1836 1896 ‚

405 1926 430 1952 «
460 1907 588 1955 idem
627 1907 788 1957 laudo.
828 1911 966 1959 Unde
1003 1914 1147 1960 etiam
1184 1929 1289 1977 quae
1324 1912 1403 1960 hic
1440 1911 1644 1960 inhiberi
1684 1922 1839 1962 vestra

406 2002 431 2028 α
459 1986 659 2049 gravitas
679 1989 816 2052 petit,
845 1999 1006 2036 nostra
1021 1990 1275 2038 auctoritas
1291 1990 1543 2040 interdicit.
1566 1993 1684 2049 Quae
1700 1990 1839 2039 vobis

406 2081 431 2106 «
458 2062 642 2111 silendo
674 2068 942 2115 reservastis
955 2103 967 2126 ‚
1012 2069 1176 2115 vestris
1207 2068 1520 2134 relinquimus
1554 2068 1839 2117 inmutanda

406 2160 429 2185 α
452 2140 649 2204 juditiis.
683 2162 709 2188 »
750 2145 831 2191 His
866 2162 1059 2211 quoque
1098 2146 1266 2208 dictis,
1308 2146 1507 2194 sinodus
1547 2145 1702 2194 soluta
1744 2156 1831 2194 est.

402 2221 511 2277 Quo
531 2230 747 2287 tempore
762 2260 775 2283 ,
798 2224 1147 2272 monachorum
1166 2225 1329 2290 religio
1355 2224 1620 2273 admodum
1643 2224 1833 2284 floruit,

401 2312 512 2344 cum
561 2314 730 2347 eorum
769 2301 1007 2366 religionis
1046 2303 1355 2368 peritissimus
1402 2301 1797 2368 metropolitanus
1817 2338 1831 2363 ‚

401 2372 542 2438 hujus
573 2377 640 2424 rei
659 2377 874 2425 hortator
897 2390 1018 2427 esset
1037 2391 1083 2428 et
1101 2398 1281 2428 suasor.
1308 2383 1366 2427 Et
1391 2391 1465 2440 ut,
1488 2379 1723 2428 nobilitati
1739 2396 1835 2428 suae

402 2452 451 2499 in
488 2454 712 2503 omnibus
736 2458 1059 2523 responderet,
1096 2459 1313 2507 aecclesiae
1348 2476 1443 2506 suae
1477 2458 1598 2507 filios
1627 2457 1825 2508 studiis·

401 2528 671 2580 liberalibus
695 2534 925 2583 instruere
950 2537 1124 2585 utiliter
1148 2537 1401 2602 quaerebat.

448 2658 470 2681 ⁸
489 2659 560 2703 De,
579 2660 616 2703 f,
634 2660 671 2695 in
687 2661 825 2696 abscisa.

447 2714 490 2739 ’ὓ
514 2716 582 2751 rim
602 2715 771 2752 abscisum.

451 2772 462 2791 ⁸
488 2772 621 2808 studuis
637 2787 720 2809 corr.
740 2774 872 2811 studiis.
