1890 3380
356 296 411 335 66
842 287 1064 329 mcum}
1097 287 1197 329 un.
1231 288 1309 328 111.

355 381 503 430 classe
540 382 830 429 Ravennam.
873 379 930 423 Et
964 386 1179 440 tempore
1202 386 1462 442 oportuno,
1501 377 1800 443 imperatorin

352 460 509 525 jussu,
534 474 704 505 omnes
723 455 957 520 sapientes
982 454 1063 519 qui
1086 464 1411 502 convenerant
1427 455 1550 503 intra
1568 454 1798 521 palatium

356 537 541 587 collecti
561 546 686 584 sunt.
717 534 857 582 All'uit
881 531 1133 600 praedictus
1155 533 1447 582 reverendus
1471 534 1798 603 metropolita·

357 632 476 674 nus;
505 614 637 662 affuit
652 622 699 661 et
725 611 849 660 Adso
865 610 1012 657 abbas
1036 611 1306 670 Dervensis,
1333 612 1415 676 qui
1436 628 1548 660 cum
1571 612 1799 680 ipso‘me·

358 694 649 759 tropolitano
691 690 974 748 advenerat;
1009 688 1093 736 sed
1127 698 1174 736 et
1209 690 1400 737 Otricus
1437 706 1644 757 praesens
1677 701 1795 753 erat,

356 774 438 839 qui
458 789 588 821 anno
606 771 850 836 superiore
874 767 1090 815 Gerberti
1115 767 1511 833 reprehensorem
1534 786 1638 819 sese
1657 787 1799 820 mon*-

355 860 597 900 straverat.
627 852 862 896 Numerus
885 862 1082 912 quoque
1104 845 1464 895 scolasticorum
1498 865 1598 897 non
1622 866 1799 916 parvus

356 930 650 978 confluxerat
665 963 678 987 ,
732 927 816 992 qui
842 926 852 949 ⁴
910 925 1241 973 imminentem
1285 924 1622 991 disputationis
1664 927 1797 978 litem

354 1024 663 1074 summopere
714 1004 1125 1073 praestolabantur.
1185 1004 1438 1053 Haerebant
1478 1007 1657 1055 etenim
1675 1042 1690 1070 ,
1735 1023 1798 1057 an

353 1088 519 1136 Otrico
536 1087 553 1111 ²
582 1085 818 1151 quispiam
849 1084 1063 1131 resistere
1097 1083 1309 1132 auderet.
1336 1087 1534 1133 Necnon
1563 1094 1612 1133 et
1634 1079 1801 1152 augna-

351 1176 427 1214 tus
437 1163 717 1230 hujusmodi
729 1172 971 1211 certamen
986 1161 1266 1210 habendum
1278 1161 1449 1210 callide
1458 1161 1795 1230 pertractabat.

351 1242 599 1293 Nitebatur
635 1251 795 1290 autem
831 1240 1119 1288 Gerbertum
1160 1241 1407 1288 incautum
1446 1238 1611 1290 Otrioo
1645 1247 1821 1315 oppo·'

351 1339 484 1382 nere,
518 1331 571 1368 ut
590 1321 628 1368 si
654 1321 871 1368 incautus
894 1329 1216 1385 appeteretur,
1249 1319 1484 1384 majorem
1519 1330 1799 1381 controver-

350 1400 487 1449 sandi
510 1401 724 1448 animum
750 1399 798 1446 in
832 1398 1127 1447 contrarium
1154 1409 1383 1447 moveret.
1419 1399 1639 1448 Otricum
1660 1417 1797 1462 vero,

350 1478 501 1527 multa
535 1494 720 1544 propon.
761 1493 826 1536 re,
872 1476 1050 1524 nihilve
1089 1476 1272 1527 solvere
1307 1476 1606 1526 hortabatur.
1644 1482 1800 1546 Atque

351 1555 426 1603 his
439 1556 667 1603 omnibus
679 1572 737 1602 ex
750 1554 921 1602 ordine
933 1555 949 1578 ³
971 1554 1350 1615 considentibus,
1364 1564 1608 1621 augustus,
1626 1573 1796 1606 eorum

352 1635 555 1694 medius,
583 1635 650 1682 sic
670 1651 697 1683 e
721 1633 911 1681 sublimi
932 1634 1076 1699 coepit
1099 1652 1109 1679 :

414 1799 550 1834 LVIII.
574 1819 623 1826 —
646 1798 822 1833 Allocutio
843 1797 980 1844 augusti
1002 1796 1143 1832 ottonis
1163 1797 1200 1831 in
1230 1806 1408 1833 conventu
1430 1798 1644 1846 sapientium
1665 1812 1733 1848 pro

869 1857 1116 1893 emendatione
1136 1858 1271 1904 figurae.

421 1988 444 2013 «
467 1971 741 2015 Humanam
763 1986 787 2011 »
811 1967 1031 2031 inquiens
1054 1988 1076 2013 «
1107 1978 1160 2015 ut
1181 1968 1386 2016 arbitror
1403 1970 1672 2032 scientiam,
1693 1988 1799 2020 cre—

355 2065 379 2090 «
404 2045 495 2093 bra
520 2044 764 2092 meditatio
796 2044 871 2091 vel
900 2045 1172 2093 exercitatio
1200 2046 1359 2094 reddit
1384 2047 1652 2110 meliorem,
1672 2065 1799 2114 quo-

356 2143 380 2166 «
409 2124 530 2170 tiens
555 2139 718 2170 rerum
751 2123 948 2170 materia
977 2133 1308 2189 competenter
1333 2125 1576 2187 ordinata,
1614 2141 1798 2175 sermo-

355 2220 378 2245 «
407 2201 548 2248 nibus
563 2201 819 2266 exquisitis,
836 2218 923 2267 per
936 2202 1175 2266 quoslibet
1189 2204 1426 2269 sapientes
1443 2204 1653 2253 effertur.
1676 2207 1798 2254 Nam

357 2300 380 2325 «
410 2297 524 2327 cum
552 2296 638 2346 per
669 2280 821 2327 otium
861 2281 1106 2345 sepissime
1137 2291 1402 2348 torpemus,
1445 2283 1483 2330 si
1524 2282 1799 2348 aliquorum

358 2379 380 2403 «
410 2358 658 2424 pulsemur
687 2359 1032 2423 questionibus,
1069 2359 1130 2407 ad
1165 2360 1417 2407 utillimam
1450 2377 1564 2408 mox
1596 2361 1799 2411 medita-

359 2457 381 2481 «
411 2437 593 2484 tionem
615 2437 885 2484 incitamur.
913 2438 1036 2485 Hinc
1054 2438 1249 2486 scientia
1274 2455 1436 2486 rerum
1464 2456 1492 2487 a
1515 2439 1800 2491 doctissimis

360 2536 382 2560 «
414 2515 567 2564 elicita
588 2524 674 2564 est.
699 2515 822 2563 Hinc
838 2526 907 2564 est
926 2516 1060 2581 quod
1082 2517 1144 2575 ab
1167 2518 1235 2565 eis
1255 2518 1456 2583 prolata,
1477 2518 1610 2569 libris
1627 2519 1800 2580 tradita

360 2614 383 2639 α
412 2603 542 2654 sunt,
569 2593 804 2659 nobisque
825 2594 888 2642 ad
919 2595 1036 2643 boni
1059 2596 1275 2644 exercicii
1296 2596 1519 2661 gloriam,
1547 2597 1794 2647 derelicta.

403 2711 416 2733 ¹
437 2712 500 2759 qni
515 2711 554 2747 id
571 2713 753 2759 negotium
767 2711 1040 2760 perpenderant.
1062 2722 1095 2749 et
1112 2715 1159 2749 ob
1182 2715 1251 2749 hoc
1268 2714 1389 2749 deleta.

404 2769 420 2790 ²
443 2780 568 2804 eornm
581 2768 786 2805 doctissimo
802 2783 886 2804 corr.
910 2770 1046 2806 otrico.

405 2826 420 2846 ³
439 2826 524 2873 inssi
543 2838 627 2861 corr.
650 2838 693 2861 ex
716 2826 853 2862 ordine.
