1890 3380
379 279 403 314 Γ»
851 270 1068 312 menna!
1101 269 1200 309 mu.
1235 269 1312 318 ΙΙΙ.

377 374 465 410 tur.
506 366 615 421 Quo
651 379 728 409 rex
765 370 1035 426 compert0‚
1076 358 1197 407 duce
1237 358 1419 406 favente
1454 357 1714 422 exercitum
1744 358 1793 404 in

374 439 558 488 hostem
584 439 793 496 reducit,
827 437 1062 501 signisque
1096 435 1272 482 infestis
1303 434 1621 500 congreditur.
1658 435 1795 483 Acer-

375 517 492 565 rime
530 515 804 564 dimicatum
844 524 940 573 est,
990 511 1231 560 nonnullis
1266 513 1504 579 utrimque
1530 512 1657 559 fusis.
1701 508 1795 558 Sed

375 593 503 658 regio
536 593 775 657 equitatu·
808 590 1114 657 praevalente,
1151 589 1408 655 Aquitanos
1438 589 1546 654 fuga
1573 586 1789 653 exagitat.

376 671 524 735 Regiae
547 686 661 719 vero
685 669 807 718 acies
831 668 1147 735 promtissime
1171 668 1462 715 insecuntur.
1500 670 1552 715 ln
1570 682 1666 734 qua
1688 664 1797 730 fuga

374 748 589 797 nonnulli
622 748 960 813 Aquitanorum
987 745 1241 805 interfecti,
1274 745 1464 812 plurimi
1490 753 1650 794 autem
1672 742 1798 810 capti

375 827 578 875 fuerunt.
625 824 869 874 Wilelmus
899 842 1012 873 vero
1043 823 1179 873 devia
1210 833 1422 882 secutus,
1462 837 1572 871 cum
1608 819 1797 872 duobus

376 905 450 952 vix
480 922 567 972 per
592 903 790 970 abrupta
820 903 1038 970 profugit.

1056 1151 1102 1184 V.

444 1246 538 1290 Rex
561 1260 701 1306 ergo,
736 1259 964 1307 prospero
1002 1241 1111 1289 belli
1145 1258 1362 1289 successu
1399 1240 1617 1304 insignis,
1647 1238 1801 1286 acies²
1827 1290 1832 1295 ,

379 1323 547 1369 iterum
586 1320 782 1367 Pictavis
815 1319 973 1366 inferri
1007 1319 1196 1383 jubet'.
1240 1316 1566 1367 Arbitrabatur
1593 1315 1800 1373 emim,

380 1397 547 1447 urbem
581 1407 695 1444 tunc
728 1396 945 1444 facillime
974 1397 1079 1461 capi
1114 1411 1280 1462 posse,
1319 1410 1430 1441 cum
1462 1394 1694 1442 exercitus
1729 1408 1804 1441 ne·

379 1477 527 1524 centis
550 1474 661 1522 belli
684 1475 983 1522 animositate
1008 1472 1166 1520 adhuc
1191 1472 1367 1519 ferveat
1389 1481 1436 1519 et
1459 1469 1630 1519 urbani
1652 1469 1805 1518 multo

380 1554 681 1603 detineantur
727 1561 854 1600 metu
869 1588 881 1611 ‚
927 1551 992 1598 ob
1030 1550 1255 1617 principis
1289 1550 1361 1597 sui
1406 1549 1566 1614 fugam
1609 1548 1806 1614 ejusque

382 1631 583 1678 militum
609 1628 840 1678 infelicem
864 1639 1103 1677 eventum.
1142 1631 1248 1676 Dux
1276 1628 1434 1693 itaque
1463 1627 1584 1693 regis
1616 1641 1808 1691 magna·

382 1706 644 1753 nimitatem
688 1704 839 1752 multo
879 1703 1038 1752 favore
1082 1703 1319 1768 excipiens
1335 1739 1348 1762 ‚
1396 1701 1655 1750 exercitum
1701 1699 1809 1748 licet

384 1784 624 1848 fatigatum
670 1793 716 1830 et
755 1792 912 1829 tamen
956 1798 1041 1828 sua
1092 1780 1379 1846 benignitate
1428 1789 1654 1847 captum,
1700 1777 1808 1826 urbi

383 1857 581 1905 reducit.
607 1856 784 1903 Urbani
814 1871 954 1916 vero,
987 1853 1097 1902 belli
1125 1871 1236 1902 casu
1255 1855 1520 1914 exanimes»,
1553 1853 1700 1903 vitam
1727 1851 1810 1901 de-

383 1947 613 2004 poscunt,
646 1949 694 1986 et
722 1955 811 2004 pro
837 1936 964 1985 urbis
996 1936 1233 1984 illesione*
1259 1935 1541 2003 supplicant.
1578 1937 1702 1983 Cum
1726 1949 1809 1982 au-

384 2028 479 2066 tem
532 2018 762 2065 exercitus
806 2016 970 2064 urbem
1016 2017 1061 2063 vi
1101 2014 1239 2063 vellet
1273 2016 1535 2082 irrumpere
1576 2022 1626 2062 et
1658 2011 1808 2082 spolia

383 2105 653 2163 asportare,
698 2095 794 2143 dux
829 2094 988 2143 habita
1021 2094 1149 2161 apud
1183 2110 1266 2143 eos
1304 2092 1624 2153 dissuasione,
1662 2091 1809 2140 intac-

384 2184 481 2221 tam
514 2191 622 2239 rege
648 2173 845 2239 jubente
869 2173 1069 2238 reliquit.
1112 2175 1208 2220 Rex
1231 2182 1389 2220 autem
1412 2171 1475 2220 ab
1504 2168 1696 2226 urbanis
1723 2167 1809 2216 ob-

385 2250 508 2299 sides
526 2260 646 2316 quot
669 2251 770 2299 vult
793 2251 932 2316 capit.
956 2251 1143 2316 Sicque‚
1171 2250 1293 2298 duce
1308 2249 1674 2309 interveniente,
1695 2245 1810 2295 urbs

385 2329 446 2376 ab
464 2330 669 2378 exercitu
688 2330 704 2352 ³
729 2329 922 2376 liberata
938 2339 1034 2388 est;
1054 2339 1101 2376 et
1125 2327 1214 2376 sub
1234 2345 1350 2394 pace
1368 2337 1608 2393 sequestra
1622 2323 1810 2373 obsidio

385 2406 598 2455 solvitur.
643 2410 965 2473 prosperaque
1000 2424 1159 2455 rerum
1194 2407 1405 2468 fortuna,
1442 2423 1523 2455 rex
1551 2422 1662 2454 cum
1689 2403 1811 2453 duce

434 2594 443 2612 ⁸
472 2593 624 2628 exercitu
643 2605 724 2627 corr.
748 2593 914 2639 equitatu.

430 2642 445 2661 ¹
470 2640 660 2675 exercitum
676 2653 759 2675 corr.
777 2640 879 2676 acies.

431 2688 445 2706 ¹
469 2687 573 2723 infert
588 2701 670 2723 corr.
689 2687 808 2723 inferri
823 2689 933 2735 jubet.

432 2735 447 2756 ⁴
471 2736 579 2771 saline
594 2748 677 2770 corr.
697 2735 866 2770 illesione.

431 2784 446 2803 ¹⁸
471 2782 692 2829 pradonibus
709 2796 791 2817 corr.
811 2784 854 2818 ab
870 2784 1032 2819 exercitu.
