1872 3372
336 262 417 301 202
814 261 1034 304 mmmm
1067 263 1164 304 un.
1194 263 1267 304 lv.

368 384 747 423 XL1v.-Adalbero
762 387 782 409 '
808 387 980 424 Kar-olum
1008 397 1042 425 et
1063 389 1251 426 Aru-nrum
1278 397 1496 426 sacramento
1522 390 1542 415 ⁶
1557 390 1736 443 dedpit’.

401 481 635 532 Adalbero
660 484 761 532 sine
784 483 1011 532 dilatione
1035 485 1084 533 in
1113 484 1220 534 loco
1237 487 1496 535 constituto
1523 487 1700 537 Kerolo
1722 498 1771 538 et

337 560 533 609 Amulfo
565 562 743 610 accitus
778 563 1001 611 occurrit.
1046 567 1081 611 Α
1107 562 1283 628 quibus
1307 564 1576 630 benigniter
1600 580 1771 633 excep·

333 648 436 698 tus,
470 654 568 686 non
598 638 889 687 mediocrem
917 640 1113 689 letitiam
1139 643 1361 707 repperit.
1391 642 1572 708 Siquid
1589 642 1771 692 discor-

336 715 425 764 diae
452 717 711 781 praecessit,
734 717 826 765 levi
846 728 893 766 et
919 735 1025 766 raro
1048 735 1270 768 sermone
1288 730 1468 769 tactum
1485 722 1766 788 praeteriere.

336 797 418 842 Jus
458 795 672 844 amicitiae
714 797 839 844 inter
879 812 982 844 sese
1024 796 1195 845 exinde
1235 798 1439 865 amplius
1485 799 1769 861 colendum,

338 872 533 919 diversis
549 873 812 921 rationibus
840 873 1065 923 extulere.
1087 877 1277 934 Quanta
1295 876 1438 925 etiam
1456 877 1774 927 commoditas

338 950 397 996 sit
427 949 673 1015 profutura
708 951 746 998 si
787 951 992 999 amicitia
1031 950 1156 1000 bene
1194 954 1266 1001 usi
1300 953 1423 1014 sint,
1457 968 1773 1021 sepenumero

339 1027 555 1075 retulere.
579 1031 767 1087 Quanta
789 1045 983 1094 quoque
1007 1029 1172 1095 gloria,
1194 1041 1401 1097 quantus
1423 1030 1599 1094 honor,
1620 1049 1773 1099 quan·

337 1115 440 1152 tum
467 1106 753 1171 praesidium.
783 1110 981 1155 Necnon
1013 1117 1059 1156 et
1084 1107 1200 1156 illud
1227 1108 1427 1157 libatum
1453 1119 1546 1172 est,
1569 1110 1619 1159 in
1638 1109 1775 1160 brevi

336 1183 437 1231 fieri
470 1201 635 1249 posse,
675 1195 721 1233 et
747 1202 842 1233 suae
873 1186 1017 1250 partis
1057 1187 1444 1251 provectionem,
1485 1197 1532 1236 et
1563 1185 1796 1249 hostium,

336 1264 781 1328 pizecipitationem3
814 1264 1027 1329 nihilque
1052 1264 1158 1312 his⁴
1191 1264 1382 1313 obstare
1413 1282 1581 1331 posse,
1610 1267 1651 1315 si
1672 1267 1775 1317 sola

337 1341 566 1389 Divinitas
590 1359 690 1390 non
722 1342 964 1409 impediat.
993 1343 1043 1390 Si
1063 1353 1172 1391 vota
1186 1361 1271 1392 sua
1294 1343 1487 1394 effectus
1513 1361 1774 1412 consequn-

337 1429 430 1479 tur,
452 1419 743 1486 quandoque
768 1420 997 1481 futurum,
1017 1431 1069 1468 ut
1093 1438 1180 1487 per
1196 1438 1299 1470 sese
1316 1439 1392 1471 res
1410 1421 1603 1489 publica
1619 1422 1772 1483 multo

336 1495 546 1556 honore,
574 1497 723 1546 multa
746 1497 919 1563 gloria,
946 1499 1218 1548 cumuletur
1241 1509 1288 1549 et
1311 1500 1494 1550 floreat.
1529 1501 1773 1553 Hisdicu's

335 1584 632 1622 sacramento
673 1574 761 1623 sibi
800 1577 972 1624 annexi
1015 1585 1152 1636 sum,
1192 1586 1335 1642 atque
1381 1594 1411 1625 a
1439 1593 1512 1627 sse
1556 1578 1769 1644 digressi.

337 1650 572 1699 Adalbero
591 1654 688 1717 regi
712 1670 763 1700 se
786 1653 1003 1715 contulit,
1023 1671 1129 1719 quae
1147 1664 1305 1719 egerat
1322 1655 1577 1720 explicans.
1588 1656 1774 1716 Quibus

339 1748 421 1779 rex
449 1733 637 1793 auditis,
666 1735 910 1799 negotium
934 1735 1185 1800 approbat,
1217 1736 1467 1785 Arnulfum
1489 1754 1592 1786 sese
1615 1754 1776 1805 recep-

339 1821 499 1860 turum
531 1813 569 1859 si
594 1814 750 1862 veniat
781 1812 1046 1880 pollicetur,
1087 1815 1188 1879 ejus
1219 1816 1554 1881 purgationem
1590 1815 1654 1865 de
1685 1816 1775 1866 ob-

333 1890 494 1954 jectiS,
522 1909 573 1939 se
594 1903 765 1957 sponte
787 1893 1078 1941 auditurum.
1111 1897 1170 1942 Et
1188 1895 1229 1941 si
1252 1904 1379 1942 recte
1401 1904 1647 1961 purgetur,
1673 1910 1774 1951 non

339 1971 514 2017 minori
551 1973 698 2036 gratia
733 1989 878 2038 quam
917 1982 1027 2020 ante
1058 1971 1352 2020 habendum.
1405 1972 1640 2022 Adalbero
1673 1973 1776 2023 hnc

340 2050 534 2098 Amulfo
574 2051 729 2098 refert.
773 2054 947 2118 Regem
985 2051 1263 2100 benivolum
1281 2089 1293 2112 ,
1330 2052 1614 2101 clementem
1656 2051 1772 2111 sibi,

339 2129 527 2188 asserit,
568 2146 679 2176 eum
724 2130 866 2177 etiam
895 2129 995 2194 ejus
1036 2131 1366 2195 purgationem
1398 2137 1570 2198 sponte
1609 2129 1778 2180 audire

340 2205 485 2264 velle,
514 2207 680 2271 suique
715 2208 910 2272 gratiam
942 2209 1042 2255 sine
1078 2225 1213 2256 mora
1245 2207 1463 2260 reddere.
1494 2207 1632 2267 Unde
1660 2217 1708 2257 et
1730 2209 1778 2261 ei

341 2300 443 2332 esse
474 2277 833 2345 maturandum,
863 2295 910 2334 et
932 2287 1206 2352 quantotius
1239 2286 1288 2334 id
1321 2286 1607 2352 petendum3
1650 2285 1776 2346 otius

341 2379 454 2428 ergo
478 2380 637 2428 regem
661 2363 959 2425 adeundum,
982 2382 1043 2413 ne
1063 2364 1334 2431 aliquorum
1358 2364 1498 2412 dolus
1522 2361 1782 2420 consilium

341 2443 610 2511 abrumpat.
640 2445 710 2493 Ad
735 2464 893 2512 regem
918 2448 1076 2513 itaque
1101 2447 1244 2496 ambo
1268 2447 1469 2514 profecti
1490 2457 1618 2499 sunt.
1657 2499 1660 2502 Α

388 2595 409 2617 ¹¹
435 2596 485 2638 A,
503 2607 559 2637 sa,
577 2594 601 2629 d
617 2621 627 2638 ,
646 2594 786 2629 abscisa.

391 2651 401 2671 “
428 2650 478 2686 eis
491 2662 589 2699 supm
602 2653 716 2699 posito
739 2652 793 2686 his
813 2651 929 2686 codes.
