1872 3372
351 268 425 308 1⁴2
835 267 1052 306 mem-:nl
1089 266 1187 306 ΗΒ.
1227 267 1293 305 w.

394 401 443 435 ll.
457 401 639 436 -Omtio
652 402 671 423 ⁰
692 401 864 436 Ludovici
884 403 902 423 ⁹
920 401 1015 449 apud
1044 401 1169 436 durem
1183 428 1191 442 ‚
1212 410 1411 448 meterosquv
1424 404 1438 423 ’
1461 401 1645 448 primaten,
1670 401 1706 436 in
1724 402 1743 423 ‘

757 461 1015 497 Adalberonem
1037 462 1347 510 metropolitanum
1360 465 1391 496 ·.

414 560 550 627 Apud
575 576 722 625 quem
768 559 980 624 aliosque
1015 576 1162 625 quam
1198 576 1404 626 paucos,
1444 560 1790 627 praeteritorum

347 655 446 687 non
468 640 721 695 inmemor,
752 639 820 686 sic
839 648 1132 703 conquestus
1147 648 1241 686 est:
1259 658 1281 683 α
1302 641 1440 687 Pater
1459 655 1595 687 meus
1614 638 1661 686 in
1678 638 1795 703 egri·

351 737 373 761 «
398 716 618 765 tudinem
648 732 744 780 qua
777 726 825 763 et
860 716 999 782 periit
1033 714 1288 775 decidens,
1326 716 1444 765 mihi
1470 716 1720 783 praecepit,
1743 724 1796 763 ut

351 815 374 839 u
400 804 557 843 vestro
592 794 820 854 consilio,
854 803 1011 842 vestra
1045 793 1383 860 dispositione,
1411 794 1543 860 regni
1570 810 1797 861 procura-

352 895 373 919 «
399 875 581 922 tionem
601 873 856 935 haberem;
877 890 965 920 vos
989 873 1134 923 etiam
1155 873 1263 921 loeo
1282 872 1526 935 affinium,
1554 873 1665 923 loco
1684 874 1798 922 ami·

354 973 378 998 α
401 969 572 1001 corum
605 953 616 977 ⁴
643 953 900 1013 ducerem,
929 951 1145 1018 nihilque
1158 953 1385 1019 praecipui
1403 962 1575 1018 praeter
1588 961 1796 1001 νοω-ιω

354 1053 378 1078 «
402 1033 651 1080 scientiam
669 1032 902 1080 adorirer.
926 1032 975 1080 Si
992 1041 1149 1079 vestra
1172 1030 1270 1079 fide
1287 1032 1491 1098 potirer,
1517 1031 1621 1079 sine
1644 1029 1796 1079 dubio

353 1130 376 1155 «
400 1110 586 1159 divitias
601 1147 614 1170 ,
653 1111 912 1171 exercitus,
944 1110 1244 1158 munimenta
1267 1111 1429 1176 regni,
1457 1108 1695 1159 aseeoebat
1719 1125 1800 1158 me

355 1208 380 1234 «
401 1188 697 1237 habiturum.
719 1191 837 1247 Quae
855 1205 993 1236 mens
1009 1188 1060 1235 in
1080 1204 1159 1236 me
1177 1188 1384 1236 maxime
1401 1187 1528 1237 valet
1546 1187 1587 1237 ¹.
1611 1187 1819 1244 Placeat,

354 1288 377 1314 «
403 1268 565 1333 itaque
585 1267 840 1316 consilium
863 1266 1169 1333 profuturum
1194 1266 1310 1316 dare
1323 1303 1336 1327 ,
1358 1284 1471 1316 cum
1490 1283 1519 1317 a
1535 1264 1673 1316 vobis
1689 1282 1801 1335 pro-

355 1365 380 1392 «
403 1347 545 1412 posui
572 1363 651 1394 me
679 1363 780 1394 non
799 1345 1123 1394 discessurum
1146 1345 1184 1392 ³.
1220 1349 1275 1393 In
1308 1345 1446 1395 vobis
1473 1345 1604 1396 enim
1636 1362 1801 1396 meum

353 1444 376 1470 «
400 1424 672 1482 consilium,
700 1425 934 1484 animum,
957 1424 1188 1485 fortunas,
1216 1425 1332 1474 sitos
1356 1442 1460 1475 esse
1487 1424 1637 1475 volui.
1666 1424 1803 1482 Adal-

354 1522 377 1548 «
400 1502 520 1550 bero
539 1505 803 1551 Remorum
821 1502 1220 1568 metropolitanus
1238 1503 1510 1569 episcopus,
1531 1502 1685 1552 homo
1702 1520 1806 1553 om·

357 1601 381 1627 «
404 1582 540 1630 nium
564 1598 689 1647 quos
708 1592 833 1629 terra
850 1581 1049 1628 sustinet
1076 1581 1487 1643 sceleratissimus,
1521 1589 1804 1649 contempto

357 1679 383 1705 «
403 1660 553 1727 patris
568 1660 666 1708 mei
684 1660 909 1726 imperiO,
929 1660 1098 1707 Ottoni
1115 1663 1411 1708 Francorum
1428 1660 1554 1709 hosti
1577 1660 1628 1708 in
1652 1661 1807 1708 omni·

358 1758 382 1783 «
404 1738 496 1786 bus
519 1738 649 1787 favit.
680 1741 750 1785 Eo
780 1748 1074 1804 cooperante
1103 1741 1220 1787 Otto
1256 1739 1520 1787 exercitum
1553 1738 1695 1788 nobis
1728 1739 1803 1788 in·

358 1837 381 1862 «
404 1817 555 1865 duxit.
594 1817 708 1882 Ejus
747 1816 1004 1864 subtilitate
1038 1816 1214 1865 Gallias
1248 1817 1570 1885 depopulatus
1603 1827 1691 1867 est.
1734 1819 1804 1869 Eo

358 1914 382 1940 «
405 1895 586 1943 itineris
608 1893 757 1943 duces
782 1904 1058 1960 praestante,
1079 1895 1352 1962 indempnis
1370 1913 1483 1944 cum
1501 1892 1710 1945 exercitu
1730 1913 1806 1946 re·-

358 1992 383 2018 «
405 1972 507 2020 diit.
531 1973 626 2031 Qui
641 1982 694 2020 ut
707 1989 875 2039 poenas
886 1989 975 2038 pro
995 1983 1128 2021 tanto
1146 1974 1406 2022 commisso
1421 1973 1600 2036 solvat,
1614 1990 1807 2040 aequum

359 2070 384 2095 «
406 2060 455 2098 et
473 2050 587 2098 utile
604 2050 795 2121 videtur
819 2052 834 2075 ⁴
857 2052 1082 2117 quatinus
1099 2052 1351 2118 pestilente
1369 2069 1674 2120 compresso,
1695 2069 1806 2122 me-

359 2149 385 2174 «
407 2139 485 2178 tus
502 2129 753 2178 adoriendi
777 2130 886 2178 talia
899 2167 912 2190 ,
941 2130 1212 2196 quibusque
1229 2132 1389 2198 pravis
1405 2131 1650 2181 inferatur.
1675 2151 1700 2176 »ι

1048 2255 1120 2289 111.

421 2343 567 2408 Cujus
585 2345 739 2392 oratio
759 2345 856 2392 vim
876 2345 1111 2393 suadendi
1132 2363 1232 2394 non
1255 2346 1441 2407 habuit,
1469 2362 1529 2394 eo
1547 2346 1683 2412 quod
1706 2363 1810 2412 sug-

357 2422 651 2486 gestionibus
670 2423 910 2471 malorum
929 2425 977 2471 in
997 2441 1240 2471 summum
1265 2423 1545 2490 pontificem
1563 2423 1803 2485 efferatus,

406 2546 515 2590 ²⁸01⁸,
535 2547 590 2590 vi,
617 2555 692 2591 oet,
713 2551 769 2591 in,
792 2551 1046 2595 ηιωτεοηῙιοΑ
1102 2564 1106 2568 ·

406 2595 415 2615 “
443 2602 677 2641 cognatorum
695 2608 779 2630 corr.
799 2597 1009 2631 amicorum.

405 2642 418 2660 ¹
444 2655 480 2677 v.
503 2654 709 2690 semperque
725 2642 839 2678 dum*
831 2657 866 2678 m
885 2644 955 2679 vita
975 2644 1075 2678 fuero
1096 2644 1318 2690 potissimum
1338 2645 1468 2691 vigebit
1483 2643 1606 2679 deleta.

405 2688 419 2708 ³
445 2688 484 2725 d.
501 2690 578 2725 fore
597 2690 751 2725 deletum.

403 2736 420 2757 ⁴
442 2750 480 2772 v·
498 2739 651 2785 Equum
669 2751 821 2785 namqu(-
848 2749 884 2774 ut
912 2752 1042 2786 pravus
1068 2742 1196 2785 justos
1182 2739 1349 2786 supplitio
1369 2739 1595 2788 dampnetur,
1626 2741 1711 2775 utile
1725 2752 1811 2775 vero

357 2802 395 2828 ut
413 2794 534 2829 deleta.
