1872 3372
374 255 453 295 278
853 254 1074 295 menam
1107 255 1207 297 Lm.
1239 256 1310 295 lv.

367 351 455 402 est,
478 352 643 408 utpote
667 346 783 404 nati,
819 345 971 395 fratris
996 366 1051 397 ac
1076 359 1323 416 nepotum.
1365 347 1446 394 His
1469 346 1581 395 Odo
1609 363 1801 414 percep-

368 420 442 481 tis,
464 437 660 469 suorum
679 439 792 471 usus
810 425 1028 488 consilio,
1050 427 1151 475 haec
1169 444 1271 476 sese
1290 434 1600 492 excepturum
1618 426 1800 492 optime

366 497 591 559 mandat,
629 500 665 546 si
702 502 917 563 Namtas,
946 505 1214 553 Brittanniae
1242 504 1437 563 urbem,
1474 502 1590 551 dolo
1608 514 1796 571 captam

365 576 550 638 reddat,
573 588 620 625 et
644 595 670 625 a
684 579 780 627 suis
798 592 1009 630 evacuet.
1034 583 1320 648 injuriosum
1339 583 1468 631 enim
1495 581 1546 630 id
1562 581 1729 645 videri,
1757 584 1796 631 si

361 654 516 704 ablata
545 657 676 722 prius
700 674 798 705 non
831 670 1034 726 repetat,
1065 671 1113 709 et
1143 678 1242 711 non
1272 661 1484 722 redditis,
1515 677 1627 709 cum
1658 659 1797 710 hoste

361 749 530 798 pacem
550 732 702 781 faciat.

595 872 712 910 xcn.
725 893 773 902 —
789 875 947 922 Abjectio
957 876 978 897 ⁴¹
992 876 1257 924 supplicationis
1267 877 1290 900 ⁸
1305 877 1350 912 ab
1365 876 1522 913 Falcone
1531 876 1565 913 ⁸.

426 972 534 1018 Haec
569 970 686 1020 dum
721 974 1087 1039 exagitarentur,
1130 985 1179 1023 et
1215 974 1327 1023 odo
1362 975 1623 1023 exercitum
1657 992 1798 1024 suum

360 1048 587 1114 paulatim
618 1053 779 1116 augeri
813 1053 1139 1115 arbitraretur,
1174 1055 1454 1122 priusquam
1481 1055 1644 1120 copias
1674 1071 1800 1103 oon-

360 1128 606 1191 grediendi
630 1129 844 1191 haberet,
878 1149 957 1179 rex
990 1149 1101 1179 cum
1134 1132 1394 1180 duodecim
1428 1131 1619 1180 milibus
1647 1131 1796 1192 affuit,

347 1221 471 1253 -cum
506 1207 763 1255 Fulconem
806 1226 886 1257 sex
918 1209 1045 1256 milia
1081 1227 1279 1257 suorum
1322 1210 1567 1275 stiparent.
1614 1209 1807 1275 Quibus¹

359 1285 541 1345 mixtis,
588 1288 820 1335 exercitus
857 1298 1150 1335 armatorum
1187 1287 1415 1335 densatus
1450 1297 1537 1336 est.
1576 1288 1716 1336 Unde
1750 1299 1798 1338 et

359 1363 504 1411 Fulco
538 1364 818 1413 insolentior
852 1366 1018 1427 factus,
1062 1383 1167 1431 quae
1193 1376 1303 1416 ante
1334 1366 1533 1432 supplex
1559 1366 1798 1416 obtulerat

359 1441 556 1505 spernit.
582 1445 642 1489 Ut
668 1442 847 1491 bellum
875 1443 973 1504 fiat,
1004 1443 1211 1492 fervidus
1236 1444 1399 1504 instat;
1428 1454 1476 1492 et
1506 1453 1560 1492 ut
1573 1443 1698 1493 vada
1721 1446 1796 1493 Li·

359 1519 480 1583 geris
498 1520 581 1584 qui
610 1521 676 1569 eis
699 1522 1000 1570 interfluebat
1026 1532 1372 1588 pertranseant,
1400 1522 1686 1589 hostemque
1708 1523 1797 1571 im-

357 1607 538 1662 petant,
559 1598 778 1648 hortatur
804 1610 947 1666 atque
968 1600 1152 1649 suadet.
1183 1600 1294 1649 Odo
1313 1618 1425 1649 suos
1449 1610 1502 1648 ut
1525 1601 1797 1667 spoponde-

358 1686 465 1723 rant
493 1694 593 1724 non
612 1679 795 1726 venisse
820 1678 1091 1741 advertens,
1121 1696 1180 1727 eo
1198 1679 1333 1744 quod
1359 1678 1644 1727 exercitibus
1666 1679 1797 1731 oolli-

359 1754 525 1818 gendis
543 1754 684 1820 hujus
710 1758 940 1823 temporis
975 1757 1180 1805 brevitas
1206 1774 1306 1804 non
1337 1755 1601 1818 sufficeret,
1632 1757 1796 1805 animo

358 1833 499 1880 nimis
518 1833 707 1882 turbato
728 1835 978 1883 ferebatur.
1016 1839 1232 1884 Attamen
1252 1852 1364 1883 cum
1384 1845 1591 1901 quatuor
1605 1835 1796 1884 milibus

358 1911 659 1976 refragratus,
680 1913 805 1961 vada
829 1914 1005 1979 Ligeris
1029 1913 1332 1980 prohibebat.

1003 2058 1140 2093 XCIII.

421 2156 517 2201 Rex
533 2141 652 2202 ‘vadi
681 2155 864 2203 incessu
888 2156 1174 2222 prohibitus,
1206 2157 1270 2205 ad
1296 2157 1562 2206 Ambatiam
1585 2167 1793 2207 castrum

355 2241 601 2296 retorquet
619 2234 895 2291 exercitum,
919 2234 1053 2298 quod
1078 2252 1177 2282 non
1204 2236 1373 2301 procul
1392 2237 1440 2284 in
1463 2235 1638 2284 eodem
1656 2235 1794 2284 litore

353 2307 561 2356 fluminis
579 2309 702 2357 inter
723 2327 864 2376 rupes
897 2311 1153 2372 eminebat,
1177 2323 1230 2361 ut
1259 2312 1324 2359 ibi
1354 2313 1587 2361 transiens
1612 2323 1660 2361 et
1684 2323 1794 2379 post

351 2385 638 2452 obliquatus,
667 2388 886 2440 hostibus
905 2406 932 2437 a
958 2400 1090 2455 tergo
1120 2392 1407 2457 improvisus
1437 2391 1648 2452 adsistat,
1681 2408 1795 2439 eos·-

349 2481 444 2528 que
474 2465 716 2531 adurgeat.
748 2467 857 2515 Odo
887 2469 1007 2533 regis
1032 2470 1292 2517 exercitum
1318 2486 1416 2517 non
1447 2470 1702 2530 sustinens,
1731 2468 1795 2517 le-

349 2553 482 2608 gatos
500 2544 544 2591 ei
575 2543 757 2609 dirigit:
780 2545 970 2594 hostem
997 2564 1156 2607 suum,
1187 2564 1287 2595 non
1315 2565 1478 2612 regem
1512 2564 1614 2596 sese
1637 2548 1791 2614 impe·

347 2622 476 2670 tiisse
512 2622 768 2683 mandans;
801 2641 890 2672 nec
926 2635 1092 2673 contra
1126 2643 1286 2691 regem
1320 2627 1578 2692 quicquam
1606 2625 1792 2674 molitu·

394 2771 413 2791 '
440 2767 531 2805 ectio
545 2794 555 2811 ‚
574 2769 640 2803 lica
657 2795 665 2811 ,
689 2768 716 2803 is
728 2795 737 2810 ,
756 2769 909 2804 Falcone
925 2769 1065 2805 abscisa.
