1872 3372
361 286 435 323 130
845 281 1063 323 ntem-ltu
1097 283 1196 324 Llss.
1232 284 1310 324 111.

356 374 576 420 frustrato
604 371 905 420 decidebant.
940 374 1042 419 Hoc
1067 374 1246 439 impetu
1267 375 1415 434 facto,
1450 375 1573 423 Galli
1601 377 1800 426 circum-

354 467 545 517 quaque
575 449 878 498 obsidionem
910 449 1215 517 disposuere;
1256 452 1486 519 fossisque
1522 457 1794 523 ptaeruptis,

351 529 730 578 obfirmaverunt
765 538 916 576 castra
934 564 946 588 ,
995 545 1056 576 ne
1089 530 1128 577 si
1171 530 1233 579 ad
1268 531 1487 580 incautos
1539 532 1798 585 adversarii

352 608 654 676 prosilirent,
683 623 928 655 accessum
954 607 1138 656 facilem
1164 609 1448 658 invenirent.

574 747 651 781 CV.
669 766 717 773 —
732 747 954 794 Compositio
967 747 988 769 ⁶
1004 745 1189 795 cujusdam
1206 747 1377 783 machinas
1390 749 1407 770 ⁹
1426 749 1573 784 bellicae.

412 861 631 917 Quercus
662 874 885 924 proceras
918 856 1144 906 radicitus
1178 859 1382 906 succisas
1425 858 1488 907 ad
1520 859 1791 909 machinam

347 935 566 983 bellicam
591 934 906 983 extruendam
935 935 1246 984 advexerunt.
1286 939 1355 983 Ex
1379 936 1556 1002 quibus
1585 949 1794 1004 quatuor

347 1014 503 1063 trabes
550 1015 844 1062 tricenorum
898 1014 1079 1081 pedum
1126 1025 1397 1063 straverunt
1438 1015 1544 1064 solo
1561 1052 1574 1076 ‚
1629 1017 1695 1067 ita
1739 1028 1794 1066 ut

300 1144 312 1152 ³
346 1093 451 1141 ‹luae
486 1094 535 1140 in
563 1092 763 1158 longum
782 1093 1029 1159 projectae,
1057 1103 1105 1142 et
1135 1092 1303 1142 decem
1330 1094 1511 1160 pedum
1538 1095 1791 1145 intervallo

345 1171 603 1232 distinctae,
632 1170 820 1220 duabus
843 1171 946 1220 aliis
970 1190 1058 1239 per
1088 1182 1411 1221 transversum
1442 1173 1619 1223 eodem
1648 1175 1792 1224 inter-

343 1250 468 1299 vallo
494 1249 904 1315 superjacentibus
928 1251 1230 1300 cohererent.
1276 1251 1610 1318 Longitudinis
1638 1263 1687 1303 et
1724 1253 1792 1303 la-
1823 1262 1829 1268 '

342 1329 558 1378 titudinis
605 1331 838 1396 spatium,
894 1330 1027 1396 quod
1068 1330 1194 1378 intra
1237 1332 1578 1380 commissuras
1621 1348 1789 1382 eanun

343 1408 618 1469 tenebatur,
646 1408 817 1457 decem
840 1409 1022 1476 pedum
1043 1420 1158 1458 erat.
1183 1410 1426 1476 Quicquid
1445 1410 1589 1459 etiam
1613 1427 1641 1460 a
1657 1427 1791 1461 oom-

341 1487 554 1535 missuris
589 1497 721 1535 extra
758 1487 1028 1553 projectum
1071 1498 1195 1548 erat,
1240 1489 1382 1536 simili
1424 1489 1575 1537 modo
1617 1489 1789 1540 decem

340 1565 545 1630 pedibus
569 1564 945 1614 distendebatur.
983 1569 1035 1613 In
1063 1566 1235 1614 harum
1273 1566 1481 1615 trabium
1509 1568 1791 1616 commissu·-

341 1643 422 1703 ris,
442 1653 651 1708 quatuor
668 1643 874 1691 sublicas
892 1643 1313 1709 quadragenorum
1332 1644 1532 1710 pedum,
1554 1645 1790 1711 quadrato

341 1721 538 1785 quidem
557 1732 790 1783 scemate,
814 1721 899 1770 sed
919 1738 1150 1788 procero,
1172 1739 1311 1788 aequo
1330 1724 1484 1790 spatio
1504 1739 1532 1771 a
1548 1741 1600 1772 se
1618 1723 1793 1773 distan-

343 1809 413 1847 tes
426 1835 438 1859 ,
486 1799 711 1847 adhibitis
748 1799 938 1848 trocleis
975 1811 1244 1849 erexerunt.
1281 1804 1793 1870 Transposueruntque

342 1877 416 1925 bis
451 1896 539 1944 per
582 1888 791 1944 quatuor
824 1879 997 1939 latera,
1045 1879 1247 1929 festucas
1288 1881 1459 1930 decem
1493 1882 1704 1949 pedum,
1740 1883 1790 1932 in

344 1952 507 2000 medio
538 1953 716 2001 scilicet
755 1964 802 2001 et
836 1954 885 2001 in
910 1971 1125 2015 summo,
1162 1972 1269 2020 quae
1301 1956 1555 2018 traductae,
1585 1956 1792 2007 sublicas

343 2031 431 2079 sibi
466 2031 651 2080 fortiter
692 2042 1018 2081 annecterent.
1068 2037 1105 2082 A
1141 2034 1377 2099 capitibus
1411 2051 1527 2084 vero
1561 2035 1788 2098 trabium,

344 2109 520 2175 quibus
545 2110 736 2158 sublicae
760 2111 1059 2173 nitebantur,
1088 2122 1297 2178 quatuor
1321 2113 1479 2162 trabes
1499 2114 1711 2176 eductae,
1744 2126 1793 2165 et

343 2204 470 2253 pene
495 2204 646 2254 usque
671 2188 734 2236 ad
762 2188 965 2238 festucas
989 2192 1261 2257 superiores
1284 2190 1540 2258 obliquatae
1555 2229 1568 2252 ‚
1600 2192 1793 2243 sublicis

339 2265 663 2331 jungebantur
678 2304 691 2327 ,
713 2279 765 2316 ut
783 2269 850 2316 sic
868 2287 927 2317 ex
945 2270 1013 2317 eis
1031 2270 1254 2318 machina
1272 2271 1564 2319 extrinsecus
1583 2271 1788 2334 firmata,

345 2361 445 2393 non
477 2344 718 2394 titubaret.
754 2349 908 2414 Super
940 2348 1144 2396 festucas
1174 2366 1371 2415 quoque
1400 2367 1507 2415 quae
1544 2350 1594 2397 in
1629 2349 1791 2400 medio

345 2431 392 2469 et
416 2422 465 2469 in
484 2439 675 2471 summo
695 2424 968 2472 machinam
986 2425 1303 2475 conectebant
1318 2463 1330 2487 ,
1355 2427 1482 2492 tigna
1501 2423 1787 2477 straverunt.

346 2499 463 2557 Quae
481 2500 624 2548 etiam
643 2500 851 2550 cratibus
869 2513 1203 2564 contexerunt,
1226 2521 1369 2570 super
1387 2520 1507 2570 quas
1523 2504 1793 2558 dimicaturi

345 2586 523 2627 stantes
547 2590 594 2627 et
620 2581 958 2630 eminentiores
983 2575 1092 2631 facti
1111 2620 1123 2642 ‚
1154 2583 1452 2631 adversarios
1473 2583 1703 2633 deorsum
1716 2585 1792 2649 ja·

345 2655 464 2704 culis
500 2668 548 2705 et
578 2658 815 2724 lapidibus
846 2660 1119 2709 obruerent.
1159 2665 1291 2710 Hanc
1322 2662 1500 2711 molem
1529 2671 1792 2711 extructam

395 2806 413 2826 '
439 2803 547 2846 Com,
572 2818 604 2839 m
622 2806 747 2839 abscisa
