1872 3372
362 286 443 327 2³⁴
856 288 1075 329 menam
1110 288 1213 333 [AB.
1245 290 1315 331 lv.

360 401 383 419 «ι
415 374 539 423 sium
562 376 826 442 episcopis,
872 387 926 426 ut
962 377 1126 439 fertur,
1162 388 1330 426 contra
1356 377 1490 427 illum
1507 378 1791 446 disputatur.

362 474 384 498 «
414 452 776 502 Calumniantur
811 456 939 503 enim
970 466 1139 504 contra
1162 456 1288 521 leges
1323 456 1508 505 divinas
1542 457 1794 525 scriptum,

362 551 387 576 α
413 531 609 591 lectum,
633 533 952 581 reconditum.
981 533 1119 581 Unde
1149 544 1213 594 et,
1235 535 1274 582 si
1306 534 1479 601 placet,
1497 536 1598 600 jam
1616 552 1644 585 a
1659 536 1798 585 vobis

360 630 383 654 α
411 609 739 658 discutiendus
763 611 810 658 in
831 611 1045 660 medium
1065 612 1349 678 proferatur.
1371 633 1394 659 »
1416 614 1626 663 Sinodus
1644 615 1762 665 dixit
1782 635 1792 663 ε

362 707 384 731 «
416 687 702 735 Proferatur.
729 707 753 732 ι»

645 831 722 867 Lx.
735 851 784 860 —
798 832 934 868 Tenus
950 832 1057 868 libelli
1073 832 1094 856 ⁸
1114 833 1289 870 fidelitatis
1305 835 1324 858 ⁰
1352 836 1507 872 Amulli.

416 941 632 990 Prolatus
650 952 721 990 est
740 943 898 1008 itaque
918 942 1042 991 hanc
1062 953 1216 993 textus
1233 946 1405 994 seriem
1424 944 1631 995 habens:
1658 967 1682 992 α
1697 949 1797 1012 Ego

355 1042 377 1066 «
409 1020 630 1069 Arnulfus
649 1058 662 1083 ,
691 1022 839 1087 gratia
862 1022 950 1070 Dei
979 1024 1323 1089 praeveniente,
1354 1026 1612 1075 Remorum
1642 1025 1796 1075 archi·

354 1120 378 1146 «
408 1101 661 1167 episcopus
677 1137 690 1161 ,
718 1101 948 1167 promitto
989 1102 1178 1167 regibus
1203 1106 1495 1152 Francorum
1528 1105 1720 1170 Hugoni
1750 1115 1799 1153 et

356 1202 377 1225 «
409 1179 636 1227 Rotberto
667 1196 745 1227 me
782 1178 930 1228 fidem
957 1181 1262 1247 purissimam
1288 1192 1611 1243 servaturum,
1639 1184 1796 1232 oonsi-

356 1278 378 1303 «
409 1257 527 1304 lium
557 1267 604 1305 et
629 1257 857 1305 auxilium
880 1259 947 1306 eis
970 1259 1235 1307 secundum
1259 1277 1423 1308 meum
1449 1260 1570 1310 scire
1592 1270 1641 1309 et
1657 1277 1798 1328 posse

355 1356 377 1380 «
408 1335 457 1382 in
483 1334 708 1383 omnibus
731 1336 933 1401 negotiis
971 1337 1579 1403 praebiturum,ini1nicis⁴
1626 1355 1798 1388 eorum

355 1434 378 1459 «
409 1430 498 1462 nec
515 1414 721 1462 concilio
740 1431 830 1464 nec
848 1416 1023 1464 auxilio
1037 1416 1099 1464 ad
1115 1433 1284 1465 eorum
1300 1417 1628 1467 infidelitatem
1642 1419 1796 1468 scien·

355 1513 378 1537 «
408 1501 480 1540 ter
505 1492 796 1557 adjuturum.
839 1497 946 1543 Haec
980 1495 1029 1543 in
1061 1506 1322 1562 conspectu
1348 1497 1519 1546 divinae
1542 1497 1797 1563 majestatis

355 1590 376 1615 α
406 1580 454 1619 et
490 1570 742 1619 beatorum
775 1572 1027 1638 spirituum
1061 1584 1108 1622 et
1140 1575 1285 1623 totius
1321 1575 1539 1624 aecclesiae
1577 1575 1797 1625 assistens

355 1670 377 1695 «
406 1651 662 1716 promitto,
691 1669 781 1717 pro
805 1652 928 1701 bene
953 1653 1150 1701 servatis
1182 1653 1364 1702 laturus
1395 1655 1589 1722 praemia
1612 1665 1798 1704 aeternae

355 1749 377 1772 κ
409 1727 741 1790 beatitudinis,
769 1730 807 1777 si
843 1747 984 1791 vero,
1013 1731 1147 1796 quod
1172 1731 1287 1780 nolo
1328 1742 1375 1780 et
1403 1732 1537 1798 quod
1562 1731 1706 1793 absit,
1735 1732 1797 1781 ab

354 1827 377 1851 «
405 1806 480 1854 his
507 1806 779 1868 deviavero,
809 1811 965 1857 omnis
988 1810 1261 1859 benedictio
1289 1828 1397 1859 mea
1421 1821 1728 1860 convertatur
1745 1812 1796 1860 in

355 1906 378 1931 «
408 1885 811 1948 maledictionem,
840 1898 888 1936 et
912 1888 1029 1936 fiant
1049 1888 1150 1936 dies
1175 1890 1268 1937 mei
1294 1890 1453 1954 pauci,
1477 1899 1525 1938 et
1546 1890 1796 1957 episcopa-

357 1984 379 2007 «
410 1973 513 2011 tum
533 1981 695 2012 meum
719 1966 920 2032 accipiat
942 1966 1075 2027 alter,
1111 1967 1338 2015 recedant
1364 1984 1393 2015 a
1411 1984 1489 2016 me
1513 1969 1654 2015 amici
1679 1969 1792 2029 mei,

354 2062 378 2087 «
408 2042 599 2108 sintque
638 2054 871 2109 perpetuo
921 2045 1118 2094 inimici.
1168 2046 1288 2093 Huic
1322 2062 1411 2111 ego
1445 2045 1731 2113 cirographo
1767 2063 1795 2095 a

355 2141 378 2166 «
407 2137 487 2169 me
514 2121 644 2170 edito
659 2158 672 2182 ,
710 2124 759 2170 in
792 2124 1117 2172 testimonium
1156 2123 1504 2173 benedictionis
1532 2124 1609 2173 vel
1647 2123 1795 2174 male-

355 2219 378 2244 «
407 2197 629 2248 dictionis
667 2218 811 2263 meae,
848 2201 1120 2264 subscribo,
1150 2202 1410 2268 fratresque
1438 2213 1487 2251 et
1511 2202 1635 2253 filios
1660 2218 1795 2253 meos

354 2298 377 2322 «
407 2288 462 2325 ut
496 2278 796 2328 subscribant
828 2297 964 2346 rogo.
1006 2284 1107 2346 Ego
1150 2281 1371 2330 Arnulfus
1409 2281 1796 2349 archiepiscopus

355 2376 377 2400 α
409 2355 681 2423 subscripsi.
711 2380 733 2401 ι»

404 2518 425 2538 ⁴*
449 2517 507 2552 elli
524 2517 596 2552 fide
612 2518 751 2553 abscisa.

401 2572 412 2592 ¹
434 2574 482 2606 ita
501 2572 605 2608 codex
614 2599 621 2607 .
