1872 3372
410 272 486 312 148
888 269 1107 310 mmmm
1142 267 1235 310 ΗΒ.
1275 269 1340 309 IV.

599 393 666 427 vl.
680 412 727 419 —
744 391 907 438 Purgatio
931 391 1159 427 minum-onia
1174 390 1218 426 de
1238 392 1383 440 objectis
1403 406 1422 427 n
1440 392 1636 429 Ludovico.

464 492 648 552 Quibus
661 491 917 557 dispositis,
931 490 1027 538 dux
1045 492 1111 538 sic
1131 508 1268 539 orsus
1285 494 1427 559 coepit
1447 512 1457 540 ε
1485 514 1507 538 «
1527 496 1632 541 Huc
1647 510 1705 541 ex
1720 492 1839 542 locis

406 594 427 617 α
453 572 649 620 (liversis
675 572 803 635 regio
824 571 957 634 jussu
986 570 1166 628 vocati,
1194 569 1254 617 ad
1276 569 1629 619 discutiendum
1653 587 1711 620 ea
1733 588 1839 639 quae

406 675 426 695 (t
451 667 640 698 summo
659 647 875 715 pontifici
897 647 1182 695 Adalberoni
1201 647 1387 712 objecta
1409 659 1538 708 sunt,
1561 646 1710 697 multa
1721 647 1835 708 fide,

407 748 431 773 «
454 737 654 794 utputo,
677 725 981 773 convenistis
1006 723 1100 771 Sed
1117 723 1236 773 divae
1258 725 1500 774 memoria:
1521 725 1531 750 ¹
1566 742 1645 774 rex
1671 725 1754 791 qui
1773 724 1840 773 in·

409 827 432 852 «
456 798 697 864 tendebat,
717 804 946 870 quoniam
958 802 1048 851 hac
1062 803 1156 851 vita
1170 803 1380 870 privatus
1396 814 1483 864 est,
1506 802 1839 854 controversiae

407 905 430 930 «
454 894 629 932 statum
658 882 798 932 nobis
835 881 1190 947 discutiendum
1218 881 1421 947 reliquit.
1454 882 1504 931 Si
1529 898 1642 949 ergo
1669 892 1841 951 praeter

406 983 428 1008 «
452 979 564 1011 eum
582 972 653 1011 est
670 963 753 1027 qui
774 961 1022 1009 intendere
1040 959 1236 1020 audeat,
1255 977 1412 1026 eoque
1435 961 1603 1010 animo:
1619 959 1766 1022 valet,
1788 971 1842 1009 ut

407 1062 430 1086 «
453 1039 765 1105 exsequendae
795 1039 888 1087 litis
911 1048 1098 1104 partem
1122 1039 1337 1104 arripiat,
1358 1038 1482 1087 adsit
1504 1054 1697 1099 coram,
1721 1039 1843 1105 quid

405 1137 427 1161 «
452 1116 623 1164 sentiat
649 1115 828 1174 edicat,
862 1113 980 1162 nihil
1005 1123 1223 1161 metuens
1255 1114 1507 1162 criminato
1533 1112 1767 1163 intendat.
1793 1115 1843 1162 Si

403 1214 426 1240 α
451 1211 563 1243 vera
587 1193 818 1260 proferat,
841 1192 943 1257 ejus
968 1191 1228 1240 verborum
1254 1191 1596 1258 approbatum
1621 1208 1713 1241 nos
1738 1193 1841 1241 sine

406 1291 430 1317 «
452 1272 602 1320 dubio
627 1271 848 1331 habebit3
880 1270 1014 1335 quod
1041 1270 1080 1317 si
1108 1269 1423 1318 calumniator
1446 1269 1560 1318 falsa
1579 1266 1835 1332 confinxit,

405 1370 430 1396 «
451 1367 621 1399 vocem
651 1350 940 1416 supprimat,
978 1366 1040 1396 ne
1065 1348 1182 1396 tanti
1207 1348 1428 1396 facinoris
1454 1358 1649 1414 argutus
1674 1360 1840 1417 poenas

404 1450 427 1475 «
452 1429 620 1477 solvat.
647 1447 672 1473 n
692 1431 782 1476 Ter
803 1427 1117 1475 acclamatum
1142 1437 1235 1487 est,
1258 1437 1310 1474 ut
1326 1426 1511 1475 delator
1527 1426 1834 1493 procederet3

401 1519 473 1556 ter
490 1508 551 1556 ab
571 1507 795 1556 omnibus
814 1517 1037 1571 negatum
1063 1516 1147 1555 est.

1086 1721 1171 1755 vu.

469 1824 574 1868 Dux
605 1822 763 1886 itaque
791 1822 963 1869 iterum
991 1821 1177 1868 locutus
1200 1821 1293 1868 ait:
1322 1839 1346 1866 ι(
1367 1820 1416 1867 Si
1446 1820 1502 1868 lis
1517 1820 1619 1885 jam
1642 1819 1836 1881 decidit,

407 1919 429 1944 α
453 1901 563 1964 quia
576 1900 659 1964 qui
677 1899 893 1947 intendat
907 1917 1003 1947 non
1025 1910 1112 1960 est,
1136 1899 1527 1965 metropolitano,
1550 1909 1719 1966 utpote
1734 1900 1838 1948 viro

407 1978 602 2026 «nobili
630 1989 677 2026 et
705 1978 853 2026 multa
878 1979 1106 2044 sapientia
1137 1977 1317 2038 inclito,
1348 1977 1620 2027 cedendum
1646 1987 1733 2026 est.
1767 1977 1838 2027 Ab

406 2076 430 2101 «
453 2056 544 2104 hac
580 2073 694 2122 ergo
717 2058 978 2122 suspitione
1005 2058 1193 2123 penitus
1218 2055 1471 2117 discedite,
1498 2070 1837 2123 summumque

404 2154 429 2180 «
449 2136 699 2201 praesulem
729 2136 880 2184 multo
913 2136 1101 2184 honore
1133 2136 1348 2184 excolite.
1386 2136 1682 2184 Reveremini
1705 2135 1836 2185 hunc

403 2233 427 2259 ι(
451 2214 594 2262 talem
611 2215 784 2275 virum,
807 2225 855 2262 et
871 2225 1059 2280 quantae
1076 2215 1277 2275 virtutis,
1301 2215 1558 2280 sapientiae,
1577 2214 1835 2264 nobilitatis

404 2310 430 2338 α
452 2293 535 2351 sit,
563 2293 792 2341 hactenus
824 2293 1092 2358 praedicate.
1125 2293 1254 2352 Quid
1286 2294 1416 2341 enim
1447 2292 1647 2359 prodest
1680 2294 1832 2361 suspi-

401 2389 428 2415 «
450 2371 630 2419 tionem
659 2371 861 2431 habere,
898 2373 976 2419 cui
1002 2373 1050 2419 in
1078 2372 1251 2436 juditio
1275 2388 1374 2419 non
1402 2371 1532 2419 fuere
1553 2371 1680 2421 vires
1700 2372 1834 2437 quic-

401 2471 426 2495 «
446 2466 591 2515 quam
627 2450 816 2498 dicere?
840 2471 863 2495 υ
899 2454 1022 2516 Ergo
1044 2451 1060 2475 ²
1098 2468 1288 2498 summo
1319 2449 1551 2516 pontifici,
1590 2450 1689 2499 dux
1722 2450 1831 2500 reli-

398 2544 606 2593 quorum
656 2529 914 2593 primatum
962 2546 1225 2588 consensu,
1273 2528 1586 2594 exsequendae
1635 2529 1832 2578 rationis

396 2607 632 2654 honorem
651 2606 713 2654 de
734 2607 933 2655 utilitate
956 2609 1086 2673 regni
1107 2608 1340 2668 attribuit,
1364 2625 1422 2655 eo
1438 2607 1572 2673 quod
1596 2607 1697 2673 ipse
1714 2606 1829 2654 divi-

439 2740 451 2760 ⁸
480 2740 523 2774 D.
550 2740 601 2774 Μ.
623 2740 738 2774 codes.

438 2798 452 2818 ²
479 2798 630 2844 Purgato
648 2811 666 2831 e
683 2797 834 2831 deletum.
