1890 3380
347 279 398 318 68
836 274 1056 315 RICRERI
1088 274 1189 315 [AB.
1223 274 1301 314 111.

351 384 372 409 α
404 362 676 412 Afficiamur
697 364 836 428 igitur
863 373 910 411 et
935 379 1023 410 nos
1042 362 1278 428 aliquibus
1294 362 1514 427 objectis,
1546 362 1721 428 quibtn
1738 373 1789 413 et

349 462 372 487 «
402 442 591 491 animus
621 441 943 500 excellentior,
970 440 1032 488 ad
1058 440 1373 506 intelligentia:
1403 441 1607 489 certiora
1640 440 1788 491 duea-

347 539 371 566 «
401 530 495 568 tur.
526 523 583 567 Et
611 520 682 568 eia
716 521 937 584 inquam,
961 518 1061 583 jam
1094 534 1226 566 nunc
1253 518 1555 588 revolvamus
1584 518 1789 586 figuram

346 618 369 644 α
399 598 528 647 illam
552 598 613 646 de
644 596 958 664 philosophiae
986 595 1218 661 partibus,
1246 613 1352 663 quae
1377 581 1517 647 nobis
1547 614 1678 647 anno
1707 614 1788 648 su·

347 697 370 721 «
396 677 583 743 periore
605 685 867 723 monstrata
884 684 970 723 est.
997 677 1179 722 Omnes
1202 674 1558 740 diligentissime
1574 692 1683 726 eam
1704 675 1790 738 ad·

346 775 367 798 «
401 764 620 814 vertant;
653 754 910 818 dicantque
946 752 1118 818 singuli
1151 751 1270 818 quid
1306 753 1356 800 in
1401 770 1458 804 ea
1502 764 1586 803 aut
1619 764 1789 804 contra

345 854 367 877 «ι
398 850 504 881 eam
526 833 745 881 sentiant.
783 833 830 879 Si
866 831 1042 879 nullius
1075 832 1368 880 extrinsecus
1398 831 1597 898 indiget,
1631 843 1788 883 vestra

345 933 366 954 α
396 911 615 958 omnium
637 910 890 958 roboretur
907 909 1279 976 approbatione;
1307 910 1346 957 si
1370 926 1486 958 vero
1506 910 1790 977 corrigenda

344 1010 366 1034 «
396 988 652 1049 videbitur,
677 989 964 1054 sapientium
980 989 1243 1048 sententiis,
1266 998 1348 1036 aut
1368 988 1686 1054 improbetur,
1705 1000 1789 1040 aut

343 1089 365 1112 «
395 1067 457 1115 ad
481 1084 703 1115 normam
722 1066 977 1131 redigatur.
999 1069 1271 1133 Coramque
1290 1067 1532 1116 deferatur
1540 1067 1642 1133 jam
1656 1085 1790 1118 nunc

343 1167 366 1191 «
395 1146 618 1194 videnda.
652 1164 676 1191 »
701 1148 834 1193 Tunc
857 1146 1047 1193 Otricus
1070 1163 1177 1194 eam
1203 1146 1252 1194 in
1276 1156 1443 1213 aperto
1466 1146 1732 1213 proferens,
1760 1164 1791 1197 a

339 1223 574 1272 Ger-berto
606 1224 674 1271 sic
711 1223 999 1283 ordinatam,
1033 1233 1082 1271 et
1113 1240 1140 1271 a
1167 1224 1263 1271 suis
1294 1221 1594 1273 auditoribus
1616 1237 1817 1292 exeep-'

339 1311 436 1350 tam
485 1301 806 1366 scriptamque
852 1300 1129 1366 respondit;
1176 1311 1223 1348 et
1262 1301 1330 1349 sic
1369 1300 1554 1350 domno
1587 1311 1788 1368 augusto

340 1378 591 1445 legendam
628 1379 854 1445 porrexit.
890 1381 1007 1437 Quae
1035 1378 1262 1445 perlecta,
1299 1379 1362 1427 ad
1392 1379 1682 1433 Gerbertum
1707 1380 1790 1431 de-

341 1458 434 1506 lata
459 1467 543 1506 est.
575 1458 668 1516 Qui
707 1456 958 1522 diligenter
995 1473 1102 1504 eam
1135 1474 1435 1523 percurrens,
1464 1459 1513 1506 in
1552 1469 1688 1525 parte
1705 1476 1792 1527 ap-

340 1536 531 1602 probat,
569 1537 688 1583 etin
723 1546 859 1601 parte
887 1536 1139 1601 vituperat,
1173 1534 1412 1600 simulque
1451 1553 1551 1584 non
1580 1537 1648 1586 sic
1681 1554 1789 1586 eam

342 1631 442 1662 sese
465 1613 711 1662 ordinasse
735 1613 947 1664 asseruit.

518 1733 613 1767 LIX.
638 1752 687 1759 —
708 1732 843 1767 Divisio
865 1732 1063 1767 theoreticae
1084 1736 1101 1753 ‘¹'
1140 1733 1374 1781 philosophiae
1398 1735 1435 1769 in
1458 1735 1604 1782 species.

412 1831 617 1893 Rogatus
631 1837 791 1875 autem
810 1828 871 1875 ab
887 1838 1088 1892 augusto
1105 1830 1358 1894 corrigere,
1376 1831 1464 1877 ait:
1485 1850 1510 1876 «
1525 1831 1787 1891 Quoniam,

347 1927 367 1950 «
399 1924 430 1953 o
473 1923 644 1969 magne
676 1922 818 1953 caesar
861 1915 1081 1970 auguste,
1117 1916 1165 1954 te
1200 1906 1272 1954 his
1298 1907 1524 1955 omnibus
1550 1908 1790 1975 potiorem

347 2006 370 2030 «
402 1984 560 2042 vide0‚
589 1985 680 2032 tuis
712 1994 763 2030 ut
792 2001 880 2050 par
909 1994 980 2032 est
1017 1985 1159 2048 jussis
1192 1985 1391 2051 parebo.
1439 1989 1536 2034 Nec
1578 1986 1792 2035 movebit

347 2085 370 2109 «
401 2076 478 2111 me
518 2063 852 2111 malivolorum
897 2064 1042 2123 livor,
1084 2081 1293 2129 quorum
1335 2066 1563 2114 instinctu
1606 2065 1657 2114 id
1694 2065 1790 2115 fac-

349 2152 371 2186 (‹
401 2152 503 2189 tum
528 2150 615 2201 est,
645 2151 697 2188 ut
727 2142 989 2189 rectissima
1016 2142 1333 2208 philosophiae
1352 2143 1540 2204 divisio,
1567 2142 1793 2210 probabi·

349 2240 372 2265 α
401 2219 507 2267 liter
525 2219 829 2285 dilucideque
849 2237 878 2267 a
902 2237 980 2268 me
1003 2238 1159 2287 nuper
1183 2222 1422 2284 ordinata,
1450 2223 1591 2271 unius
1618 2223 1793 2290 speciei

349 2319 371 2342 α
401 2298 729 2363 suppositione
747 2299 909 2346 vitiata
925 2300 983 2347 sit
1004 2301 1040 2346 ¹.
1071 2301 1190 2348 Dico
1207 2301 1367 2366 itaque
1384 2301 1788 2363 mathematicam,

350 2398 373 2422 «
402 2377 649 2443 phisicam,
663 2387 711 2424 et
722 2377 1058 2442 theologicam,
1072 2396 1317 2444 aequaevae,
1332 2379 1490 2428 eidem
1506 2381 1668 2445 generi
1684 2378 1793 2429 sub·

350 2478 373 2501 «
402 2472 518 2504 esse.
549 2458 724 2503 Earum
750 2465 911 2503 autem
934 2473 1100 2522 genus,
1130 2459 1197 2505 eis
1219 2458 1462 2523 aequaliter
1488 2459 1787 2525 participare.

351 2555 373 2579 α
403 2538 499 2582 Nec
539 2532 642 2582 fieri
685 2550 853 2599 posse,
892 2551 1037 2583 unam
1086 2536 1387 2601 eandemque
1426 2537 1658 2601 speciem,
1695 2552 1792 2584 una

393 2671 413 2693 *
440 2682 469 2705 a
482 2670 621 2704 abscisa.

395 2729 405 2747 ¹
433 2727 488 2763 sit.
515 2728 597 2762 Non
621 2728 715 2763 enim
739 2729 866 2776 ignoro
884 2742 1140 2777 quemcumque
1168 2732 1302 2767 bonum
1335 2730 1518 2767 calumniis
1541 2727 1791 2765 malivolorum

347 2784 483 2819 assidue
499 2784 660 2820 insectari
683 2785 803 2818 deleta.

1886 847 1890 864 -
1885 808 1890 833 „-
1879 699 1890 800 usa-1·
1882 663 1890 694 ,η-
