1872 3372
370 261 451 301 284
849 260 1070 303 menum
1102 260 1201 303 mn.
1237 260 1308 301 tv.

364 360 440 398 cet
457 349 653 416 ejusque
678 348 776 397 finio
793 350 1036 410 Rotberto‚
1066 350 1202 415 legati
1227 349 1393 398 directi
1415 359 1542 410 sunt,
1569 350 1653 415 qui
1669 366 1801 416 papoe

365 428 661 484 mandatum,
693 445 883 477 necnon
908 439 955 477 et
979 430 1317 495 episcoporum
1335 428 1630 476 voluntatem
1656 444 1802 496 super

367 506 459 554 hoc
477 506 708 571 aperiant,
737 507 900 571 eisque
916 516 968 554 ut
990 523 1101 554 cum
1126 508 1221 555 suis
1239 506 1473 573 episcopis
1491 506 1797 566 conveniant,

364 584 704 633 rationabiliter
733 584 983 644 suadeant3
1019 584 1177 632 locum
1207 586 1350 633 etiam
1387 595 1671 650 tempusque
1701 599 1800 650 quo

364 674 410 711 et
445 663 641 728 quando
681 662 1066 711 conveniendum
1100 672 1223 711 esset
1255 679 1283 711 a
1319 662 1507 727 regibus
1542 661 1796 721 discerent,

365 758 628 806 eorumque
651 741 867 790 animum
892 758 949 788 ex
974 741 1068 789 hoc
1087 740 1175 789 sibi
1192 741 1435 790 referrent.

424 904 555 939 xcvt.
573 924 620 932 —
637 903 745 948 Quod
758 906 776 926 ·
802 904 941 951 regibus
961 903 1192 939 nuntiatum·
1214 904 1257 939 nit
1270 930 1281 947 ‚
1301 903 1485 952 episcopo·
1504 902 1702 938 Germia
1714 903 1735 925 ⁵

838 964 875 999 in
913 962 1109 999 sinodum·
1139 963 1340 999 convenire.

427 1081 584 1145 Legati
607 1081 747 1145 igitur
778 1080 946 1128 directi
981 1090 1107 1128 sunt.
1148 1080 1339 1145 Legatio
1376 1096 1570 1145 quoque
1594 1077 1792 1146 prolata.

360 1163 516 1218 Quam
564 1160 707 1208 etiam
764 1176 896 1225 reges
935 1160 1234 1207 serenissima
1272 1169 1432 1207 mente
1478 1158 1762 1226 excipientes
1779 1193 1792 1217 ‚

358 1253 493 1303 papae
514 1248 562 1285 et
584 1238 920 1304 episcoporum
946 1237 1181 1286 mandatis
1205 1238 1253 1284 in
1279 1237 1412 1285 nullo
1437 1247 1552 1285 tunc
1578 1236 1806 1301 refragati·

357 1326 494 1375 sunt;
516 1333 615 1364 sese
632 1316 884 1364 consilium
914 1332 1058 1382 super
1077 1315 1170 1364 hoc
1195 1317 1474 1381 quaesituros
1502 1313 1796 1382 responden·

357 1403 452 1453 tes,
497 1404 639 1459 atque
676 1395 944 1459 aequitatem
982 1394 1043 1442 de
1081 1394 1304 1442 omnibus
1347 1394 1568 1442 facturos.
1613 1393 1795 1459 Legatis

357 1473 514 1537 itaque
539 1472 781 1534 abductis,
820 1490 906 1539 per
934 1473 1170 1538 quosdam
1202 1473 1390 1538 regibus
1423 1473 1685 1521 indicatum
1724 1482 1794 1521 est

358 1551 724 1612 Adalberonem,
747 1552 1113 1601 Laudunensem
1138 1553 1434 1618 episcopum,
1462 1551 1562 1600 haec
1579 1550 1694 1600 dolo
1719 1566 1793 1599 or-

356 1629 570 1689 dinasse3
605 1631 805 1677 omnino
840 1631 983 1677 etiam
1019 1630 1149 1696 apud
1191 1630 1415 1678 Odonem
1451 1629 1569 1677 illud
1601 1628 1790 1696 pridem

354 1717 693 1772 pertractasse3
737 1725 905 1755 eorum
939 1718 1195 1773 utrumque
1232 1709 1280 1755 in
1313 1718 1427 1755 voto
1464 1706 1703 1767 habuisse,
1740 1717 1793 1755 ut

355 1786 584 1832 Ottonem
610 1802 768 1851 regem
794 1785 955 1832 Galliis
973 1785 1271 1845 inducerent,
1298 1795 1346 1833 et
1369 1801 1501 1848 reges
1529 1784 1720 1849 ingenio
1744 1794 1792 1832 et

355 1862 534 1910 viribus
560 1863 683 1910 foras
708 1874 1060 1929 expungerent;
1088 1864 1340 1930 episcopos
1369 1879 1564 1928 quoque
1595 1864 1792 1911 Germa·

354 1941 443 1988 niae
460 1940 569 1988 ideo
590 1943 871 2002 convenire,
907 1952 958 1990 ut
983 1941 1149 1989 dolum
1172 1941 1420 2007 quaesitum
1441 1940 1677 2006 expleant.
1708 1942 1792 1989 Re-

353 2035 433 2082 ges
452 2020 610 2083 itaque
637 2019 802 2067 fraude
817 2030 1058 2086 percepta,
1079 2020 1312 2085 episcopis
1323 2019 1423 2083 jam
1448 2018 1510 2066 ad
1533 2018 1695 2066 locum
1713 2016 1793 2066 de-

352 2097 589 2162 signatum
612 2098 621 2122 ⁴
661 2098 1055 2149 convenientibus
1084 2116 1170 2164 per
1195 2099 1374 2163 legatos
1397 2098 1667 2146 indicavere
1686 2112 1788 2145 sese

352 2175 463 2224 illuc
488 2193 588 2224 non
609 2177 776 2238 ituros,
809 2194 870 2226 eo
895 2177 1027 2242 quod
1049 2194 1246 2228 suorum
1276 2177 1541 2243 praecipuos
1563 2191 1713 2242 penes
1737 2191 1787 2223 se

352 2271 453 2302 non
472 2254 720 2315 haberent,
747 2256 850 2303 sine
871 2272 1079 2320 quorum
1094 2255 1293 2303 consilio
1309 2254 1428 2302 nihil
1449 2253 1689 2319 agendum
1709 2252 1786 2302 vel

351 2332 673 2380 omittendum
698 2333 975 2393 videbatur3
1002 2333 1253 2397 indignum
1280 2333 1424 2380 etiam
1447 2331 1536 2379 sibi
1555 2330 1724 2391 videri,
1748 2330 1789 2378 si

349 2411 637 2458 correctioni
665 2412 1000 2477 episcoporum
1027 2412 1295 2459 Germaniae
1315 2427 1427 2458 suos
1451 2409 1642 2470 subdat,
1673 2425 1786 2456 cum

349 2488 425 2537 isti
441 2505 541 2536 non
561 2489 719 2536 minus
734 2489 935 2549 nobiles,
954 2506 1054 2537 non
1066 2490 1225 2537 minus
1240 2499 1476 2555 potentes,
1498 2503 1632 2553 aeque
1645 2487 1788 2535 etiam

350 2577 431 2615 aut
449 2567 652 2634 amplius
669 2569 903 2634 sapientes
925 2569 1032 2616 sint.
1059 2569 1157 2635 ‘lpsi
1172 2585 1284 2634 ergo
1305 2568 1343 2615 si
1363 2567 1595 2632 indigent,
1617 2566 1666 2614 in
1682 2565 1789 2612 Gat-

397 2718 416 2740 *
442 2717 564 2762 Quod,
581 2718 718 2753 nuntiat
732 2745 741 2761 ,
759 2731 855 2765 germ
869 2746 878 2762 ,
896 2718 1062 2754 sinodum
1079 2719 1218 2753 abscisa.

401 2775 411 2794 ⁸
438 2787 543 2820 quem
558 2787 653 2822 reges
669 2775 932 2822 designaverant
955 2778 987 2810 1.
