1890 3380
364 269 418 307 56
850 263 1073 305 mcussffl
1105 263 1202 304 Lm.
1233 264 1313 304 111.

365 355 811 421 comprehensione.
852 357 970 400 Nam
1004 362 1221 418 tempore
1251 362 1492 400 nocturno
1530 352 1810 403 ardentibus

366 434 511 482 stellis
543 451 741 500 operam
777 432 950 491 dabat;
978 430 1241 496 agebatque
1271 441 1324 479 ut
1347 448 1427 479 eas
1456 432 1506 479 in
1533 430 1704 479 mundi
1733 449 1810 480 re·

366 512 589 577 gionibus
616 513 814 559 diversis
839 510 1123 575 obliquataS,
1160 519 1257 556 tam
1284 510 1331 557 in
1360 519 1470 558 ortu
1488 526 1636 577 quam
1653 510 1704 558 in
1728 526 1812 559 oc-

366 609 476 640 casu
504 601 739 639 notarent.

577 974 638 1008 Li.
657 992 703 999 —
724 970 981 1006 [intellectilium
993 974 1011 993 ’
1034 970 1249 1006 circulorum
1267 969 1537 1018 comprehensio
1555 970 1591 1005 ⁵.

433 1080 607 1128 Circuli
655 1094 849 1143 quoque
891 1078 974 1142 qui
1016 1094 1045 1125 a
1086 1079 1260 1126 Graecis
1296 1077 1535 1144 paralleli,
1578 1093 1608 1125 a
1640 1076 1817 1145 latinis

367 1159 667 1224 aequistantes
686 1156 928 1215 dicuntur,
951 1173 1075 1221 quos
1094 1157 1237 1204 etiam
1265 1155 1591 1223 incorporales
1608 1171 1712 1205 esse
1729 1154 1819 1203 du·

368 1237 502 1284 bium
527 1251 626 1283 non
645 1244 732 1293 est,
761 1234 851 1281 hac
877 1233 939 1281 ab
957 1250 1016 1281 eo
1036 1244 1137 1281 arte
1160 1233 1497 1300 comprehensi
1529 1242 1818 1282 noscuntur:

370 1315 536 1363 Effecit
559 1314 910 1362 semicirculum
929 1323 1059 1361 recta
1077 1313 1312 1362 diametro
1333 1312 1558 1361 divisum.
1581 1311 1677 1360 Sed
1691 1311 1819 1360 banc

370 1395 658 1442 diametrum
691 1391 897 1439 fistulam
927 1392 1196 1451 constituit,
1234 1392 1284 1438 in
1315 1392 1452 1455 cujus
1487 1389 1819 1439 cacuminibus

371 1473 494 1521 duos
529 1471 670 1537 polos
709 1470 912 1517 boreum
954 1480 1002 1517 et
1031 1469 1404 1518 austronothum
1434 1468 1677 1518 notandos
1714 1485 1820 1518 esse

372 1552 586 1600 instituit.
610 1549 970 1598 semicirculum
994 1566 1110 1597 vero
1138 1566 1167 1597 a
1199 1549 1316 1615 polo
1348 1548 1411 1596 ad
1435 1549 1605 1615 polum
1629 1548 1820 1614 triginta

373 1629 587 1696 partibus
605 1628 777 1676 divisit.
807 1630 1023 1686 Quarum
1048 1645 1129 1676 sex
1148 1644 1176 1676 a
1194 1627 1311 1694 polo
1338 1627 1590 1689 distinctis,
1611 1626 1821 1676 fistulam

372 1707 607 1766 adhibuit,
639 1723 725 1772 per
748 1723 895 1771 quam
920 1706 1162 1759 circularis
1188 1706 1315 1755 linea
1339 1707 1503 1754 arctici
1533 1706 1816 1772 signaretur.

374 1790 488 1834 Post
505 1802 624 1850 quas
639 1786 781 1832 etiam
804 1785 1017 1850 quinque
1035 1785 1261 1845 diductis,
1290 1784 1499 1833 fistulam
1520 1802 1718 1851 quoque
1734 1784 1822 1834 ad·

370 1866 501 1929 jecit,
539 1880 644 1930 quae
674 1863 928 1911 aestivalem
956 1865 1315 1912 circulationem
1348 1864 1598 1913 indicaret.
1637 1862 1824 1913 Abinde

374 1954 570 2009 quo‘que
605 1951 778 2006 quator
812 1942 999 2002 divisis,
1046 1942 1254 1992 fistulam
1297 1943 1562 1992 identidem
1608 1942 1820 2004 addidit,

375 2020 506 2068 unde
538 2020 878 2085 aequinoctialis
914 2022 1183 2071 rotunditas
1223 2021 1662 2078 commendaretur.
1701 2021 1824 2070 Reli-
1874 2073 1878 2077 ,

374 2116 526 2165 quum
549 2116 666 2146 vero
688 2100 893 2164 spatium
921 2116 1073 2165 usque
1097 2102 1159 2149 ad
1194 2102 1380 2150 notium
1409 2100 1605 2167 polum,
1640 2100 1824 2149 eisdem

377 2177 754 2225 dimensionibus
770 2177 998 2226 distinxit.
1022 2179 1168 2243 Cujus
1184 2180 1487 2227 instrumenti
1510 2179 1632 2227 ratio
1649 2180 1700 2227 in
1724 2189 1827 2228 tan·

377 2267 481 2304 tum
506 2255 670 2315 valuit,
699 2265 751 2302 ut
775 2255 836 2302 ad
861 2256 1029 2321 polum
1059 2274 1144 2304 sua
1175 2257 1410 2305 diametro
1439 2257 1637 2318 directa,
1665 2274 1723 2306 ac
1749 2275 1823 2308 se·

379 2336 607 2386 micirculi
630 2337 948 2403 productione
972 2340 1189 2404 superius
1217 2356 1375 2399 versa,
1409 2339 1615 2388 circulos
1643 2340 1825 2390 visibus

377 2419 666 2482 inexpertos,
701 2417 906 2464 scientiae
924 2417 1076 2477 daret,
1108 2428 1252 2484 atque
1278 2418 1372 2466 alta
1402 2420 1636 2468 memoria
1654 2436 1825 2469 recon-

378 2495 514 2543 deret
531 2495 543 2519 ⁴
557 2531 567 2541 .

425 2655 446 2676 '⁸
474 2654 538 2698 lu,
561 2653 607 2696 li,
633 2664 777 2700 compre
798 2653 938 2687 abscisa.

427 2711 438 2728 ³
466 2722 498 2744 r.
522 2708 591 2745 Sed
614 2709 683 2744 hoc
705 2708 751 2744 ad
781 2710 930 2745 circulos
951 2710 1218 2746 intellectibiles.
1246 2711 1391 2755 Quanto
1418 2710 1524 2748 etiam
1550 2709 1670 2746 studio
1701 2722 1823 2746 erran-

379 2765 536 2812 tiumque
557 2763 712 2800 siderum
736 2765 885 2800 circulos
909 2766 1083 2813 aperuerit
1107 2765 1223 2801 dicere
1244 2780 1317 2802 non
1341 2767 1487 2814 pigebit.
1514 2766 1585 2811 Qui
1606 2769 1679 2811 jam
1697 2764 1821 2802 deleta.
