1872 3372
356 247 433 286 166
843 246 1062 288 Rlcmzm
1092 249 1191 292 LlB.
1226 250 1297 291 lv.

349 352 400 381 se
418 335 600 400 eripere
618 334 928 383 conabantur.
958 340 1175 396 Quorum
1200 339 1276 387 alii
1301 339 1784 391 aecclesiarmnsecre-
1870 327 1872 342 ἶ

352 414 409 460 tis
426 430 477 460 se
495 413 795 461 occultabant
810 449 823 473 ‚
850 414 927 462 alii
957 415 1152 464 diversis
1181 416 1384 466 latibulis
1402 435 1452 466 se
1470 418 1782 481 claudebant;

351 491 429 538 alii
446 508 559 539 vero
576 491 694 539 saltu
713 509 764 540 se
782 492 844 540 de
860 494 1007 542 muris
1025 496 1394 562 praecipitabant.
1425 500 1645 557 Quorum
1659 515 1786 548 unus

351 570 602 636 episcopus
618 606 630 628 ,
653 587 764 618 cum
781 588 868 638 per
885 571 1083 620 declivia
1107 575 1282 622 montis
1294 574 1394 639 jam
1420 575 1634 643 elapsus,
1662 587 1710 626 et
1734 577 1783 625 in

351 650 501 696 vineis
521 648 582 695 ab
600 648 985 699 observatoribus
1005 663 1218 718 repertus
1243 664 1366 702 esset
1378 690 1390 714 ,
1420 654 1594 703 Karolo
1612 653 1791 704 deduc·

354 738 427 774 tus
452 736 549 786 est,
586 737 634 775 et
665 726 727 776 ab
761 746 818 777 eo
850 746 1037 778 carcere
1075 730 1309 780 detrusus.
1351 735 1569 782 Emmam
1593 750 1790 800 quoque

357 806 593 869 reginam,
628 807 763 872 cujus
788 808 1013 857 instinctu
1044 825 1147 858 sese
1175 810 1418 877 repulsum
1442 828 1471 859 a
1494 811 1635 860 fmtre
1658 811 1791 860 arbi-

355 883 583 946 trabatur,
622 884 689 933 ibi
706 885 1092 952 comprehendit,
1131 887 1271 953 eique
1303 888 1526 938 custodes
1550 889 1788 939 adhibuit.

359 961 601 1027 Reliquam
621 964 762 1011 etiam
787 963 916 1012 urbis
940 963 1234 1014 nobilitatem
1250 983 1374 1032 pene
1399 977 1549 1015 totam
1565 969 1789 1034 pervasit.

1018 1188 1137 1223 xvu.

426 1287 684 1350 Postquam
707 1285 880 1333 sedatis
904 1286 1183 1334 tumultibus
1216 1287 1378 1335 civitas
1407 1286 1659 1353 tranquilla
1687 1288 1796 1337 red·

360 1363 458 1410 dita
483 1373 576 1423 est,
602 1363 801 1412 Karolus
827 1364 889 1412 de
916 1363 1047 1412 urbis
1073 1365 1338 1412 munitione
1362 1374 1411 1412 et
1438 1364 1643 1414 militum
1666 1366 1793 1415 victu

359 1439 621 1491 deliberare
643 1452 786 1507 atque
810 1441 1031 1490 ordinare
1048 1442 1205 1508 coepit.
1233 1443 1487 1508 Deputavit
1503 1459 1617 1509 ergo
1634 1443 1799 1510 vigiles

361 1522 735 1586 quingentenos,
758 1522 857 1586 qui,
884 1520 1105 1568 noctibus
1127 1520 1319 1585 singulis
1355 1522 1540 1583 armati,
1574 1522 1797 1572 excubias

359 1616 447 1666 per
470 1599 640 1647 urbem
678 1610 725 1647 et
765 1601 940 1647 moenia
972 1609 1259 1647 exercerent.
1295 1602 1548 1648 Annonam
1571 1601 1714 1649 etiam
1738 1619 1796 1650 ex

360 1688 463 1726 toto
482 1695 605 1744 pago
624 1678 1002 1726 Veromandensi
1018 1678 1190 1726 advehi
1201 1678 1352 1742 jussit.
1376 1681 1434 1726 Et
1457 1678 1524 1727 sic
1546 1678 1716 1728 urbem
1734 1679 1798 1728 ad

360 1757 677 1805 resistendum
716 1757 932 1805 munivit.
964 1760 1083 1804 Nam
1107 1756 1276 1804 turrim
1314 1773 1420 1821 quae
1451 1756 1610 1805 adhuc
1647 1758 1801 1806 muris

359 1835 620 1884 humilibus
636 1835 874 1902 perstabat
885 1873 898 1897 ,
919 1836 1079 1902 pinnis
1097 1834 1415 1884 eminentibus
1432 1836 1681 1897 exstruxit,
1708 1836 1799 1885 fos·

360 1914 518 1979 sisque
557 1912 828 1979 patentibus
879 1914 1249 1978 circumquaque
1297 1912 1501 1961 vallavit.
1555 1912 1800 1963 Machinas

360 1994 503 2041 etiam
526 1991 743 2041 hostibus
766 1992 934 2040 effecit.
973 1995 1169 2040 Necnon
1194 2002 1241 2040 et
1272 1991 1399 2057 ligna
1423 1992 1433 2015 ¹
1466 1991 1795 2053 advectantur,

359 2072 590 2121 machinis
613 2071 874 2120 educendis
900 2071 1090 2118 idonea.
1121 2070 1241 2118 Valli
1265 2087 1459 2135 quoque
1482 2081 1795 2132 exacuuntur,

357 2162 604 2216 cratesque
627 2160 960 2198 contexuntur.
999 2152 1096 2197 Nec
1123 2149 1280 2196 minus
1309 2148 1428 2197 fabri
1454 2150 1794 2211 accersiuntur,

356 2230 441 2295 qui
479 2229 672 2276 missilia
721 2227 978 2288 fabricent,
1024 2245 1080 2276 ac
1126 2244 1326 2293 quaeque
1373 2228 1636 2276 necessaria
1671 2228 1798 2278 ferm

354 2310 631 2356 instaurent.
661 2310 757 2355 Nec
773 2307 967 2355 defuere
989 2311 1071 2373 qui
1101 2316 1231 2355 tanta
1244 2305 1510 2354 subtilitatis
1533 2316 1634 2355 arte
1656 2306 1800 2356 halis-¹

356 2395 429 2437 tas
451 2386 668 2435 emittant
684 2422 696 2445 ,
718 2395 771 2432 ut
795 2385 1078 2451 apothecam
1110 2387 1159 2433 in
1189 2394 1317 2433 recta
1350 2384 1584 2434 diametro
1615 2384 1797 2452 duplici

356 2464 591 2513 foramine
617 2474 858 2530 patentem
877 2501 889 2525 ,
911 2475 1042 2513 certo
1055 2465 1185 2529 jactu
1205 2463 1461 2528 trajiciant,
1478 2480 1588 2513 aves
1605 2480 1800 2530 quoque

357 2545 405 2591 in
449 2561 558 2592 aere
601 2542 818 2591 volantes
862 2542 1130 2592 indubitato
1170 2542 1265 2590 ictu
1300 2542 1585 2608 impeterent
1599 2579 1612 2604 ,
1646 2552 1798 2592 trans·

346 2623 558 2690 fixasque
580 2623 643 2672 de
665 2622 855 2670 sublimi
878 2622 1237 2688 praecipitarent.

396 2775 406 2796 ¹
436 2773 582 2809 millenae
597 2773 711 2808 trabes
730 2785 812 2807 corr.
831 2772 938 2818 ligna.
