1872 3372
365 272 417 311 78
855 265 1078 307 ntcnssm
1109 264 1210 307 mn.
1241 264 1322 305 11¹.

366 378 390 403 a
416 357 586 422 juncto
611 354 804 404 animali
832 353 1067 403 rationali.
1103 373 1127 399 »ι
1160 355 1380 419 Cumque
1417 350 1574 399 verbis
1612 361 1663 401 et
1700 367 1786 402 aen

366 434 523 484 tentiis
534 434 738 483 nimium
758 434 952 492 flueret,
981 442 1028 480 et
1050 430 1211 481 adhuc
1233 430 1325 480 alia
1346 431 1356 455 '
1383 430 1544 478 dicere
1562 438 1752 497 pararet
1768 430 1809 492 ³,

363 516 549 583 augusti
569 525 688 564 nutu
705 514 1016 582 disputationi
1038 512 1146 562 finis
1170 512 1371 579 injectus
1394 522 1493 572 est,
1525 528 1585 560 eo
1603 510 1739 580 quod
1766 521 1815 562 et

363 595 494 645 diem
522 610 646 661 pene
672 595 723 642 in
754 593 829 642 his
861 602 1018 641 totum
1057 601 1447 653 consumserant,
1481 601 1530 640 et
1566 589 1816 640 audientes

364 674 551 741 prolixa
585 682 730 738 atque
760 671 993 720 continua
1028 670 1289 737 disputatio
1321 669 1424 736 jam
1465 667 1704 736 fatigabat.
1743 667 1815 717 Ab

364 762 567 818 augusto
603 753 764 817 itaque
797 749 1060 799 Gerbertus
1093 750 1279 816 egregie
1306 748 1513 797 donatus
1528 784 1542 810 ‚
1578 764 1692 798 cum
1724 763 1814 796 suo

365 830 739 898 metropolitano
765 830 815 877 in
839 829 1015 878 Gallias
1039 827 1196 878 clarus
1219 828 1463 877 remeavit.

596 958 730 994 val.
747 978 797 985 —
810 955 966 993 Sinodm
985 956 1082 1005 apud
1102 965 1261 994 sanctam
1275 957 1438 1005 Magi-m
1452 956 1589 994 habim

429 1054 615 1102 Eodem
642 1064 860 1120 tempore
884 1054 1094 1102 Emma’
1118 1055 1282 1120 regina
1299 1064 1347 1103 et
1365 1053 1603 1104 Adalbero
1626 1052 1817 1106 laudu-

363 1136 524 1184 nensis
555 1135 810 1204 episcopus
842 1134 1043 1184 infames
1090 1135 1243 1202 stupri
1297 1133 1713 1189 criminabantur·
1698 1170 1714 1196 ,
1762 1134 1816 1185 id

362 1219 524 1259 tamen
584 1209 786 1258 latenter
825 1208 1193 1266 intendebatur,
1238 1208 1417 1257 nullius
1453 1207 1706 1263 manifesto
1743 1208 1818 1258 in·-

364 1289 592 1337 tentionis
628 1298 762 1337 teste.
807 1288 903 1337 Sed
936 1289 1049 1355 quia
1083 1305 1338 1355 suppresse
1375 1287 1560 1338 dictum
1605 1287 1671 1339 ad
1701 1303 1817 1338 om·-

362 1367 499 1414 nium
538 1383 677 1415 aures
707 1366 989 1427 devenerat,
1035 1367 1273 1433 episeopis
1316 1367 1474 1415 visum
1510 1376 1595 1416 est-
1627 1365 1681 1416 id
1711 1383 1817 1417 ease

362 1447 744 1509 discutiendum,
790 1464 852 1496 ne
887 1447 1031 1496 frater
1063 1459 1110 1496 et
1146 1449 1465 1516 coepiscopus
1496 1464 1669 1498 eorum
1698 1448 1816 1498 infin-

364 1526 470 1574 miae
517 1536 659 1574 tantae
708 1525 1010 1574 subderetur.
1077 1530 1110 1574 Α
1157 1526 1433 1593 supradicto
1480 1543 1597 1593 ergo
1638 1537 1817 1576 meu-o-

362 1604 579 1670 politano
641 1603 845 1652 collecta
906 1614 978 1652 est
1031 1605 1373 1671 episcoporum
1421 1605 1622 1654 sinodus
1683 1605 1815 1672 apud

362 1690 577 1729 sanctam
627 1684 870 1747 Magram,
923 1682 1086 1730 locum
1138 1685 1399 1731 Remorum
1449 1683 1809 1733 diooesaneum.

362 1760 776 1826 considentesque
808 1771 855 1809 et
886 1777 1089 1827 quaeque
1121 1762 1254 1811 utilia
1282 1772 1654 1829 pertractantes,
1683 1771 1815 1830 post-

362 1855 510 1905 quam
533 1839 1000 1906 metropolitanus⁴.
1094 1877 1543 1888 ......

383 2049 539 2084 vau.
556 2069 606 2077 -
620 2049 763 2085 ottonis
782 2051 964 2098 promotio
979 2051 1017 2086 in
1035 2051 1186 2099 regem*
1200 2051 1297 2100 per*
1321 2051 1553 2088 Germanos*
1566 2060 1604 2089 et
1618 2052 1788 2101 Bdssu’.

427 2150 541 2195 Post
574 2146 763 2196 obitum
799 2148 970 2197 domni
1013 2151 1223 2211 Ottonis,
1266 2152 1624 2200 Germanorum
1658 2152 1807 2217 regis,

358 2226 462 2290 ejus
490 2225 615 2281 filius
643 2229 759 2275 Otto
773 2264 786 2287 ,
817 2244 846 2276 a
876 2229 1129 2277 Germanis
1152 2229 1401 2295 Belgisque
1436 2247 1521 2280 rex
1549 2240 1739 2280 creatus
1758 2231 1775 2256 ⁸
1794 2267 1808 2290 ,

364 2322 466 2354 rem
491 2305 736 2373 publicam
774 2317 970 2356 strenue
1009 2318 1153 2374 atque
1196 2309 1374 2358 utiliter
1416 2310 1807 2372 amministravit;

359 2386 433 2433 vir
456 2386 618 2451 magni
642 2386 844 2452 ingenii,
876 2388 1119 2453 totiusque
1143 2390 1355 2450 virtutis,
1392 2389 1663 2439 liberalium
1684 2389 1810 2441 litte-

405 2508 427 2532 *
451 2508 490 2544 in
506 2521 646 2557 regem,
667 2522 744 2558 per,
764 2523 827 2554 os,
847 2524 902 2552 as,
923 2512 1013 2546 absc.

407 2565 419 2586 ⁸
447 2577 543 2601 nova
558 2578 644 2600 corr.
662 2566 745 2601 alia.

405 2621 422 2642 ⁸
445 2633 570 2657 omnes
584 2630 830 2670 exspectarent
845 2636 932 2658 σοι-ν.
951 2623 1068 2659 dicere
1083 2635 1235 2673 pararet.

405 2677 423 2697 ⁸
445 2677 491 2713 E.
517 2678 563 2712 R.
583 2685 619 2712 et
637 2677 694 2713 Ad
712 2679 754 2714 L.
776 2679 894 2715 codes.

404 2732 420 2754 ⁴
443 2733 496 2769 lu'c
506 2747 593 2783 pene
612 2747 678 2769 una
695 2744 727 2770 et
738 2736 814 2771 ala'oe
828 2737 944 2785 plum
956 2739 1105 2783 sortasse
1123 2739 1219 2775 la'neoe
1239 2742 1357 2776 excieae
1371 2750 1461 2777 sunt.

402 2791 421 2809 ⁸
444 2790 597 2827 elevatus
617 2804 701 2826 corr.
723 2801 871 2828 creatus.
