1872 3372
355 264 430 302 136
834 264 1050 304 mensal
1087 263 1184 302 ΗΒ.
1222 263 1298 302 ΙΙΙ.

811 404 909 437 (xlx.
934 423 979 430 -·
1002 404 1127 437 Obitus
1154 403 1323 437 lustlmrii.

413 518 532 563 Nam
572 534 682 563 cum
731 517 933 563 vernalis
969 516 1220 563 clementia
1266 516 1441 564 eodem
1477 533 1607 565 anno
1643 516 1786 565 rebus

347 592 519 640 bruma
553 592 736 641 afflictis
777 594 976 660 rediret,
1015 611 1104 660 pro
1132 611 1290 642 rerum
1328 603 1494 642 natura
1531 595 1784 643 immutato

347 688 478 731 aere,
514 673 728 720 Lauduni
762 683 978 738 egrotare
1014 674 1173 738 coepit.
1208 671 1345 720 Unde
1371 683 1567 721 vexatus
1598 689 1654 721 ea
1678 689 1786 739 pas-

345 751 479 799 sione
504 768 609 816 quae
632 750 782 799 colica
805 769 832 798 a
858 750 1050 819 phisicis
1080 750 1274 809 dicitur,
1306 751 1354 798 in
1382 750 1559 799 lectum
1587 750 1781 799 decidit.

344 834 431 881 Cui
463 832 603 880 dolor
633 832 942 881 intolerabilis
976 834 1024 880 in
1056 843 1190 899 parte
1214 832 1380 883 dextra
1408 851 1551 901 super
1574 834 1786 884 verenda

345 922 471 972 erat3
503 911 565 959 ab
593 911 820 960 umbilico
845 928 1041 978 quoque
1066 928 1217 979 usque
1245 911 1307 960 ad
1332 912 1571 978 splenem,
1602 923 1651 962 et
1673 914 1787 963 inde

344 1008 496 1056 usque
529 990 591 1038 ad
624 991 801 1054 inguen
834 991 1098 1050 sinistrum,
1140 1000 1188 1038 et
1220 991 1287 1039 sic
1315 990 1375 1039 ad
1403 1007 1576 1052 anum,
1607 991 1788 1042 infestis

342 1068 590 1117 doloribus
610 1069 902 1135 pulsabatur.
928 1067 1068 1116 llium
1092 1085 1288 1134 quoque
1318 1085 1374 1117 ac
1400 1069 1592 1118 renium
1614 1069 1787 1135 injuria

342 1148 576 1196 nonnulla
595 1159 717 1209 erat3
742 1148 1021 1196 thenasmus
1039 1147 1280 1208 assiduus;
1300 1148 1478 1212 egestio
1495 1148 1782 1215 sanguinem

341 1243 434 1274 vox
475 1226 724 1292 aliquoties
762 1225 1183 1275 intercludebatur.
1229 1225 1479 1276 Interdum
1509 1226 1683 1294 fiigore
1720 1227 1786 1277 fe-
1821 1256 1826 1263 ·

340 1306 502 1353 brium
521 1305 716 1371 rigebat.
742 1306 938 1370 Rugitus
956 1306 1292 1354 intestinorum
1316 1306 1352 1352 ‘.
1376 1304 1637 1355 Fastidium
1647 1306 1780 1373 juge.

342 1387 520 1433 Ructus
549 1386 829 1433 conationes
858 1386 960 1432 sine
987 1384 1184 1445 effectu,
1216 1385 1396 1433 ventris
1422 1385 1666 1447 extensio,
1692 1395 1786 1435 sto-

339 1463 496 1512 machi
525 1464 693 1524 ardor,
730 1481 828 1511 non
854 1463 1068 1512 deerant.
1109 1464 1294 1529 Ingenti
1322 1465 1483 1529 itaque
1514 1463 1647 1514 luctu
1682 1474 1784 1515 tota

338 1553 566 1608 personat
587 1542 605 1567 ²
628 1543 817 1590 domuS.
847 1544 918 1590 Fit
942 1543 1124 1590 sonitus
1142 1542 1380 1603 diversus,
1401 1542 1586 1591 elamor
1601 1543 1778 1593 van’us.

339 1621 527 1668 Nemini
565 1622 694 1668 enim
725 1638 893 1669 eorum
919 1622 1001 1686 qui
1033 1621 1256 1681 aderant,
1293 1620 1648 1671 inlacrimabilis
1682 1633 1786 1672 erat

338 1717 394 1747 ea
421 1700 680 1748 calamitas.
704 1704 883 1748 Decem
911 1701 1054 1766 igitur
1072 1700 1209 1747 annis
1227 1700 1394 1748 Ottoni
1418 1710 1680 1767 superstes,
1701 1702 1783 1750 tri-

337 1779 516 1826 cesimo
545 1789 592 1826 et
615 1780 819 1845 septimo
839 1795 968 1826 anno
982 1815 994 1838 ‚
1018 1795 1075 1826 ex
1099 1795 1198 1844 quo
1225 1789 1360 1844 patre
1378 1778 1606 1828 defuncto
1630 1796 1782 1846 regno

336 1858 517 1923 potitus
543 1868 614 1905 est
629 1894 642 1918 ,
672 1857 1037 1923 quadragesimo
1062 1874 1178 1905 vero
1205 1868 1254 1906 et
1281 1868 1454 1906 octavo
1473 1875 1572 1924 quo
1590 1874 1620 1907 a
1645 1868 1782 1926 patre

336 1946 566 2002 regnante
597 1953 828 1984 coronam
853 1947 900 1984 et
931 1946 1171 2002 sceptrum
1195 1946 1478 2001 regnaturus
1502 1938 1715 2004 accepit,
1751 1954 1782 1987 a

336 2025 450 2063 natu
476 2026 637 2063 autem
666 2015 959 2079 sexagesimo
986 2026 1158 2064 octavo
1184 2015 1413 2063 deficiens
1447 2025 1628 2064 naturae
1653 2032 1780 2064 con-

335 2104 487 2141 cessit.

1019 2240 1095 2274 CX.

400 2357 585 2401 Interea
625 2353 874 2418 magnifice
905 2353 1046 2400 funus
1088 2354 1271 2419 regium
1306 2353 1458 2401 multo
1503 2353 1778 2401 divitiarum

332 2432 562 2498 regalium
586 2432 768 2480 ambitu
798 2442 1064 2480 accuratur.
1094 2432 1166 2479 Fit
1190 2433 1230 2479 ei
1259 2432 1410 2480 lectus
1437 2429 1675 2497 regalibus
1700 2430 1776 2478 in·

331 2511 542 2577 signibus
574 2511 860 2571 adornatus,
898 2527 1092 2576 corpus⁴
1115 2510 1292 2558 bissina
1316 2511 1331 2535 ³
1375 2519 1506 2558 veste
1532 2509 1770 2573 induitur,

380 2678 389 2697 ⁸
415 2677 662 2713 intestinorum
680 2676 754 2710 cod.

375 2735 390 2755 ²
416 2733 631 2780 concrepitat
648 2735 849 2780 superposito
871 2743 1031 2779 personat
1055 2732 1129 2766 cod.

376 2791 388 2812 ³
415 2802 594 2839 purpurea
613 2802 696 2824 corr.
714 2789 855 2824 bissina.
