1872 3372
336 295 390 336 76
824 293 1047 335 RICHERI
1080 291 1181 337 LIB.
1214 293 1292 334 111.
1866 356 1872 362 .

339 405 362 429 α
392 399 489 451 que
514 393 701 434 tantum
721 400 822 432 non
847 382 1083 450 procedit,
1112 393 1348 450 quantum
1368 380 1430 430 ab
1452 381 1543 431 hac
1563 391 1699 448 parto
1716 397 1786 433 re·
1864 373 1872 421 ’ἶ

339 485 363 509 κ
388 462 634 530 linquitur.
660 465 779 511 Sunt
805 463 935 511 enim
954 478 1160 529 corpora
1183 461 1444 526 nonnulla,
1473 469 1617 527 atque
1642 460 1785 511 etiam
1868 450 1872 502 s

340 564 365 589 «
393 542 592 592 diversis
609 542 795 607 objecta
807 578 820 602 ‚
842 558 948 607 quae
964 540 1146 589 umbrae
1164 556 1309 590 causa
1325 557 1428 589 esse
1445 556 1547 588 non
1563 548 1782 606 possunt.

341 641 365 666 a
392 623 489 669 Nec
523 619 685 668 abnuo
720 619 979 668 multarum
1010 634 1171 668 rerum
1195 633 1378 677 causas,
1408 616 1605 683 singulis
1623 615 1790 668 dictio-

342 719 365 745 «
395 698 536 748 nibus
554 698 728 759 efferri,
760 697 908 746 veluti
935 707 1048 746 sunt
1071 712 1245 762 genera
1266 713 1373 762 quae
1395 696 1662 763 specierum
1682 710 1791 745 eau-

342 797 366 821 «
392 792 468 824 sas
501 793 647 824 nemo
679 777 893 841 ignorat,
930 774 1061 823 velut
1092 784 1164 823 est
1201 774 1490 834 substantia,
1529 774 1786 841 quantitas,

342 874 366 900 «
395 854 614 920 qualitas.
654 853 754 902 Alia
789 870 902 902 vero
939 869 1038 900 non
1074 852 1352 919 sirnpliciter
1380 852 1706 920 proferuntur,
1738 863 1792 902 ut

344 954 366 977 α
395 932 626 981 rationale
648 932 711 981 ad
737 931 957 980 mortale.
995 950 1020 975 »

456 1055 569 1091 va.
586 1075 636 1083 —
652 1053 750 1100 Quid
767 1053 1006 1090 continentius
1020 1052 1040 1076 ⁶
1065 1053 1130 1097 nit,
1151 1053 1325 1097 rationale
1337 1055 1357 1077 ⁴⁸
1378 1064 1424 1089 au
1435 1053 1458 1077 θ
1483 1052 1633 1090 mmuh
1646 1052 1684 1088 θ.

404 1140 538 1185 Tunc
560 1136 892 1185 vehementius
912 1135 1106 1184 Otricus
1123 1134 1385 1197 admirans,
1414 1136 1504 1184 ait:
1524 1154 1548 1181 α
1575 1137 1792 1184 An'mor-

345 1235 367 1260 «
393 1214 486 1263 tale
506 1215 724 1263 rationali
751 1214 1014 1281 supponis?
1042 1214 1162 1273 Quis
1180 1214 1376 1275 nesciat,
1405 1211 1541 1279 quod
1559 1212 1811 1262 rationale·

344 1314 367 1339 ι(
397 1297 554 1343 Deum
583 1304 631 1342 et
658 1293 881 1360 angelum
910 1293 1257 1358 hominemque
1282 1291 1558 1354 concludat,
1590 1291 1794 1342 modale

345 1391 369 1416 «
398 1388 514 1420 vero
540 1381 709 1438 utpote
738 1371 893 1436 majus
908 1381 957 1419 et
975 1370 1300 1419 continentius
1325 1370 1489 1419 omnia
1511 1368 1731 1419 mortalia
1746 1379 1796 1420 et

345 1471 369 1495 «
399 1467 487 1516 per
504 1450 600 1499 hoc
618 1450 805 1499 infinita
822 1449 1042 1516 colligat?
1069 1470 1092 1496 υ
1117 1449 1186 1498 Ad
1204 1449 1307 1499 haec
1327 1448 1590 1498 Gerbertus
1610 1467 1621 1496 ε
1649 1469 1673 1496 «
1695 1448 1747 1499 Si
1766 1468 1791 1499 2»

344 1530 498 1596 inquit
520 1550 543 1576 «
572 1529 841 1579 secundum
876 1528 1182 1595 Porphirium
1210 1538 1355 1594 atque
1389 1528 1608 1577 Boetium
1623 1563 1638 1590 ‚
1680 1527 1794 1578 sub·

348 1627 371 1652 «
400 1609 583 1655 stantiae
601 1608 885 1656 divisionem
906 1624 1056 1673 usque
1084 1607 1147 1655 ad
1171 1606 1421 1656 individua
1446 1605 1625 1656 idonea
1647 1608 1795 1674 parti·

348 1706 371 1730 «
401 1686 534 1734 tione
552 1686 896 1752 perpenderes,
915 1685 1147 1734 rationale
1163 1686 1489 1734 continentius
1503 1702 1653 1752 quam
1662 1702 1797 1735 mor·

347 1785 370 1808 «
403 1763 495 1812 tale
525 1765 629 1813 sine
665 1764 815 1812 dubio
846 1763 1078 1824 haberes;
1107 1764 1253 1830 idque
1279 1764 1506 1830 congruis
1529 1763 1798 1814 rationibus

348 1861 371 1886 α
400 1841 640 1890 enucleari
671 1842 721 1889 in
754 1852 982 1908 promptu
1015 1852 1100 1890 est.
1126 1843 1316 1890 Etenim
1346 1859 1459 1890 cum
1477 1851 1666 1892 constet
1688 1841 1798 1893 sub-

351 1939 373 1965 «
404 1921 628 1968 stantiam
644 1936 793 1986 genus
806 1920 1215 1985 generalissimum
1227 1958 1240 1981 ,
1259 1938 1346 1988 per
1361 1919 1639 1970 subalterna
1654 1937 1799 1989 posse

349 2016 372 2042 «
402 1997 552 2045 dividi
576 2014 728 2063 usque
754 1997 815 2045 ad
842 1997 1088 2046 individua
1103 2035 1115 2059 ,
1140 1998 1409 2047 videndum
1434 2008 1506 2047 est
1544 2015 1608 2047 an
1633 2000 1799 2065 omnia

350 2096 373 2121 «
404 2075 678 2124 subalterna
708 2076 904 2142 singulis
935 2076 1225 2125 dictionibus
1258 2078 1580 2144 proferantur.
1614 2076 1711 2127 Sed
1748 2078 1801 2127 li-

354 2175 378 2200 «
408 2154 559 2220 quido
578 2164 711 2221 patet
736 2154 828 2204 alia
845 2154 907 2203 de
925 2155 1122 2220 singulis
1139 2191 1152 2215 ,
1180 2155 1272 2204 alia
1301 2155 1363 2204 de
1380 2155 1603 2222 pluribus
1615 2172 1799 2204 nomen

351 2253 374 2277 «
406 2233 584 2281 factum
608 2232 803 2281 habere.
835 2236 907 2281 De
931 2233 1151 2298 singulis,
1173 2243 1228 2281 ut
1245 2250 1451 2300 corpus,
1480 2234 1543 2283 de
1558 2233 1795 2300 pluribus,

352 2331 375 2356 «
405 2322 461 2359 ut
474 2313 739 2360 animatum
754 2312 992 2360 sensibile.
1023 2312 1203 2360 Eadem
1223 2330 1420 2378 quoque
1436 2314 1623 2362 ratione
1642 2313 1799 2362 subal·

352 2411 375 2435 «
405 2401 598 2439 ternum
633 2391 768 2457 quod
795 2402 866 2440 est
894 2391 1071 2440 animal
1109 2392 1342 2440 rationale
1356 2429 1369 2452 ‚
1410 2391 1699 2459 praedicatur
1727 2391 1799 2440 *de

353 2490 375 2514 «
405 2469 621 2534 subjecto
652 2470 788 2535 quod
820 2481 891 2518 est
931 2470 1109 2518 animal
1158 2471 1390 2519 rationale
1432 2471 1647 2520 mortale.
1701 2473 1800 2520 Nec

353 2567 377 2592 «
406 2548 536 2611 dico,
556 2548 691 2614 quod
718 2549 947 2597 rationale
972 2550 1192 2616 simplex,
1215 2550 1500 2616 praedicetur
1514 2550 1578 2600 de
1595 2549 1800 2617 simplici

355 2646 380 2671 α
409 2627 624 2688 mortali;
645 2626 695 2675 id
714 2628 843 2675 enim
862 2645 962 2676 non
982 2629 1228 2695 procedit;
1248 2629 1334 2677 sed
1353 2628 1590 2679 rationale
1599 2629 1799 2695 inquam

356 2726 378 2749 α
408 2705 601 2754 animali
626 2707 938 2771 conjunctum
955 2744 968 2767 ,
1012 2707 1297 2774 praedicatur
1331 2708 1393 2758 de
1424 2705 1615 2773 mortali
1628 2744 1642 2768 ,
1681 2721 1799 2756 con-

400 2836 420 2854 ³·
445 2836 562 2879 ronti,
581 2835 669 2878 tius,
695 2837 784 2879 atio,
810 2851 874 2879 an,
901 2838 966 2871 tale
991 2838 1129 2871 abscisa.
