1872 3372
392 290 466 331 19⁴
875 285 1096 327 menam
1129 283 1228 328 ΗΒ.
1260 284 1332 325 lv.

389 378 661 445 adepturos.
712 377 944 424 Processit
978 374 1210 424 exercitus
1242 383 1464 440 uterque,
1508 374 1666 423 donec
1700 374 1820 425 alter

387 456 587 505 alterum
620 455 672 503 in
707 463 961 521 prospectu
1004 452 1230 513 haberet3
1277 461 1324 500 et
1361 452 1427 500 sic
1462 461 1663 519 uterque
1697 451 1820 504 fixus

388 534 598 584 herebat.
646 532 892 597 Utrimque
930 546 1029 578 non
1063 529 1365 578 mediocriter
1400 530 1671 579 dubitatum
1711 540 1783 580 est
1800 567 1815 591 ,

385 628 496 661 cum
522 611 722 659 Karolus
740 611 810 658 rei
826 610 1038 657 militaris
1057 609 1267 675 inopiam
1281 608 1502 669 haberet3
1525 625 1686 675 regem
1701 625 1819 659 vero

385 691 571 740 animus
593 688 665 737 sui
690 688 910 736 facinoris
934 686 1153 734 conscius
1176 695 1342 734 contra
1355 686 1434 751 jus
1451 704 1590 752 agere
1611 688 1623 712 ‘
1655 703 1821 754 argue·

386 784 481 832 ret,
510 788 620 820 cum
647 769 875 819 Karolum
900 778 1099 835 paterno
1132 767 1318 817 honore
1352 769 1649 836 spoliaverit,
1668 780 1821 838 ¹atque·

387 855 518 920 regni
556 855 663 918 jura
702 853 749 899 in
793 868 894 899 sese
930 850 1247 899 transfuderit.
1287 851 1370 899 His
1410 861 1608 918 uterque
1648 852 1822 903 herens

385 931 678 999 persistebat.
702 930 915 978 Tandem
940 929 1122 977 ratione
1145 945 1357 993 congrua
1374 946 1402 977 a
1421 930 1700 996 primatibus
1724 933 1820 997 regi

384 1022 655 1076 suggestum
681 1019 750 1057 est
775 1008 1113 1073 aliquantisper
1136 1024 1248 1056 cum
1272 1009 1479 1056 exercitu
1504 1009 1756 1071 standum3
1782 1011 1822 1058 si

385 1091 532 1137 hostis
551 1088 843 1147 adventaret,
857 1087 1136 1149 ,comminus
1154 1086 1586 1151 congrediendum3
1606 1088 1644 1136 si
1664 1088 1822 1137 nullus

384 1169 641 1226 lacessiret,
686 1183 797 1213 cum
841 1165 1046 1212 exercitu
1089 1164 1407 1212 redeundum.
1463 1167 1559 1213 Nec
1598 1165 1756 1214 minus
1795 1182 1823 1214 a

384 1249 561 1297 Karolo
603 1248 731 1296 idem
770 1246 1085 1295 deliberatum
1136 1246 1238 1294 suit.
1288 1246 1425 1293 Unde
1465 1247 1578 1312 quia
1625 1257 1839 1314 uterque·

385 1328 622 1387 constitit,
652 1337 852 1391 uterque
890 1325 975 1373 sibi
1002 1325 1155 1373 cessit.
1188 1327 1283 1372 Rex
1314 1325 1573 1374 exercitum
1605 1326 1820 1385 reduxit3

387 1406 587 1454 Karolus
610 1422 725 1453 vero
747 1403 962 1452 Lauduni
982 1419 1083 1451 sese
1102 1403 1295 1469 recepit.

1073 1536 1150 1570 XL.

454 1639 514 1684 Ο.
539 1637 716 1683 interea
740 1638 1006 1682 Drocarum
1024 1634 1253 1700 cupidus,
1278 1633 1340 1682 de
1366 1634 1584 1684 Lauduni
1603 1636 1826 1704 captione

386 1726 491 1763 'sese
522 1714 782 1780 plurimum
819 1712 1034 1760 diffidere
1068 1711 1198 1778 apud
1228 1728 1388 1777 regem
1415 1712 1631 1762 simulate
1659 1730 1827 1780 quere·

390 1791 548 1851 batur,
570 1809 680 1839 cum
700 1791 819 1838 aries
837 1790 1043 1850 cesserit,
1060 1789 1324 1855 militesque
1339 1789 1518 1838 viribus
1535 1789 1823 1852 diffiderent,

393 1869 542 1916 immo
562 1869 704 1916 etiam
724 1867 838 1915 urbs
856 1868 957 1934 ipsa
982 1867 1289 1915 inaccessibili
1307 1868 1397 1915 situ
1423 1867 1692 1917 obnitentes
1714 1885 1829 1918 con-

396 1956 624 2012 tempnat.
658 1949 753 1994 Rex
779 1963 966 1993 merore
992 1946 1260 2005 confectus,
1282 1946 1343 1993 ab
1368 1949 1428 1994 O.
1453 1946 1662 1995 subsidia
1685 1948 1825 2014 petit;

393 2041 494 2072 sese
518 2025 671 2071 vicem
698 2033 1194 2090 recompensaturum,
1226 2025 1265 2071 si
1288 2025 1449 2090 copias
1472 2025 1759 2092 suppeditet,
1782 2036 1830 2074 et

397 2100 457 2151 ad
480 2102 716 2165 integrum
735 2099 903 2149 urbem
925 2111 1176 2167 expugnet.
1200 2101 1344 2160 Quod
1368 2102 1406 2149 si
1425 2103 1830 2168 inpraesentiarum

398 2178 575 2244 aliquid
611 2179 743 2245 quod
783 2179 1079 2243 largiendum
1125 2180 1185 2228 sit
1215 2189 1370 2244 petat,
1404 2181 1505 2228 sine
1540 2180 1690 2231 dubio
1728 2199 1830 2232 sese

395 2251 650 2327 liberaliter
691 2257 1027 2305 exhibiturum.
1077 2261 1136 2305 O.
1184 2258 1399 2306 Lauduni
1437 2259 1830 2325 inpugnationem

396 2335 631 2400 simulque
658 2346 705 2383 et
732 2336 1003 2400 captionem
1037 2336 1084 2383 in
1113 2337 1332 2401 proximo
1362 2337 1630 2403 pollicetur,
1662 2339 1703 2387 si
1726 2349 1829 2387 tan-

395 2427 500 2465 tum
521 2434 551 2465 a
569 2434 678 2481 rege
703 2420 882 2464 Drocas
907 2418 1118 2482 accipiat.
1154 2420 1250 2465 Rex
1280 2419 1501 2466 vincendi
1527 2419 1726 2485 gloriam
1749 2437 1831 2469 cu·-

396 2496 554 2560 piens,
585 2496 764 2561 petenti
798 2506 1006 2543 castrum
1027 2497 1375 2544 accommodat.
1404 2498 1564 2546 Palam
1606 2499 1830 2548 omnibus

395 2573 546 2634 cedit,
571 2574 943 2639 promissionum
963 2573 1023 2621 de
1051 2575 1279 2622 Lauduno
1299 2576 1534 2625 credulus.
1553 2580 1613 2625 O.
1635 2593 1829 2644 quoque

397 2651 565 2700 urbem
585 2653 804 2700 amissam
832 2653 880 2699 in
917 2652 1048 2699 brevi
1085 2670 1185 2701 sese
1219 2656 1517 2703 redditurum
1546 2656 1703 2722 palam
1728 2673 1831 2705 om-

445 2785 458 2805 ²
483 2784 600 2819 secisse
620 2797 717 2832 supra
731 2786 844 2832 posito
859 2797 959 2831 agere
979 2785 1094 2819 codar.
