1872 3372
338 262 419 300 270
827 258 1044 298 Rlcusstu
1080 257 1176 298 ΜΒ.
1209 257 1283 297 lv.

700 396 901 432 Lxxxv1.
919 416 967 424 —
980 396 1182 432 interfectio
1194 396 1213 419 ’
1230 395 1368 432 conani
1383 396 1419 430 ⁶.

406 511 562 567 Quem
581 524 692 555 cum
718 507 827 571 fuga
853 506 1126 570 exagitaret,
1150 508 1376 554 Conanus
1401 504 1592 552 interim
1617 504 1667 552 in
1690 503 1779 554 du·

341 597 523 635 metum
549 602 659 632 cum
696 584 845 631 tribus
877 600 980 632 sese
1011 584 1215 649 recepit,
1253 583 1493 648 armisque
1523 580 1777 649 depositis,

341 666 557 731 corporis
576 664 811 711 fervorem
836 662 898 710 ad
922 679 1088 710 auram
1115 661 1376 727 mitigabat.
1404 664 1561 720 Quem
1585 659 1783 727 quidam

343 743 725 793 adversariorum
753 742 973 800 intuitus,
1021 740 1146 789 facto
1186 741 1366 807 impetu
1398 740 1531 788 illum
1561 738 1780 802 adorsus,

291 879 301 891 ⁸
343 822 499 887 gladio
530 820 775 881 transfixit,
808 819 1123 885 Fulconisque
1149 819 1397 868 victoriam
1430 817 1609 868 extulit.
1638 817 1785 868 Fuloo

344 901 505 947 animo
523 908 784 964 resumptO,
809 901 1002 946 Namtas
1026 898 1214 964 repetit,
1237 908 1380 963 atque
1396 896 1675 963 ingreditur,
1703 898 1787 963 qui

344 980 391 1026 in
427 994 535 1025 arce
572 987 706 1024 erant
738 977 908 1024 acriter
939 992 1131 1023 vexans.
1167 976 1261 1034 Qui
1299 974 1513 1041 principe
1546 973 1782 1036 destituti,

345 1074 469 1124 pene
499 1057 758 1116 exanimes,
789 1054 1087 1121 impugnanti
1120 1053 1316 1114 cedunt,
1350 1052 1594 1120 fidemque
1622 1063 1786 1120 postu·

346 1136 426 1183 lati
446 1135 639 1183 faciunt.

347 1270 568 1305 LXXXVII.
582 1289 630 1296 —
645 1267 847 1316 Repudium
858 1268 900 1291 ⁴⁸*
925 1268 1052 1315 regina:
1064 1267 1106 1291 Ψ*
1123 1267 1289 1303 susannae
1305 1279 1327 1302 a
1337 1267 1378 1290 *¹
1399 1279 1481 1315 rege
1491 1265 1534 1291 ⁸*
1549 1266 1720 1303 kothem>
1730 1253 1799 1303 *ἱ-

413 1379 496 1425 His
512 1378 574 1425 ita
593 1393 694 1424 sese
719 1375 1022 1434 habentibus,
1054 1375 1308 1423 Rotbertus
1333 1392 1416 1423 rex
1433 1391 1547 1423 cum
1565 1376 1614 1423 in
1635 1374 1788 1424 unde·

348 1457 572 1505 vicesimo
592 1455 740 1503 aetatis
765 1471 894 1502 anno
915 1455 1178 1519 juventutis
1197 1454 1316 1502 flore
1333 1463 1554 1502 vernaret
1568 1489 1582 1514 ‚
1612 1455 1786 1502 Susan-

350 1552 462 1583 nam
497 1550 724 1593 uxorem,
755 1549 928 1597 genere
964 1532 1203 1592 Italicam,
1236 1548 1295 1580 eo
1330 1531 1465 1598 quod
1497 1548 1618 1580 anus
1646 1541 1786 1592 esset,

350 1614 475 1661 facto
494 1612 701 1660 divortio
719 1611 1002 1677 repudiavit.
1032 1614 1148 1670 Quae
1177 1610 1442 1676 repudiata,
1468 1627 1581 1659 cum
1605 1627 1663 1660 ea
1685 1627 1791 1677 quae

351 1709 409 1740 ex
434 1692 548 1739 dote
576 1700 825 1757 acceperat
855 1700 1070 1755 repetere
1087 1689 1230 1738 vellet
1246 1726 1259 1750 ‚
1295 1706 1385 1737 nec
1412 1689 1456 1737 ei
1485 1706 1567 1738 rex
1600 1688 1792 1756 adquie-

351 1779 517 1828 sceret,
545 1768 769 1815 aliorsum
792 1767 1006 1814 animum
1036 1766 1320 1814 transvertit.
1351 1769 1388 1814 A
1403 1782 1500 1831 qua
1523 1765 1667 1814 etiam
1691 1765 1788 1827 die,

353 1865 437 1895 sua
472 1863 710 1912 quaerens,
741 1846 838 1910 regi
862 1845 1055 1893 insidias
1085 1844 1385 1893 moliebatur.
1409 1846 1529 1893 Nam
1556 1847 1792 1893 Monaste-

355 1927 527 1973 riolum
547 1935 755 1973 castrum
780 1924 914 1989 quod
940 1925 990 1972 in
1015 1923 1129 1972 dote
1160 1934 1427 1988 acceperat,
1453 1922 1517 1971 ad
1550 1940 1691 1971 suum
1713 1923 1792 1988 jus

352 2008 604 2056 refundere
629 2008 843 2073 cupiens,
882 2023 992 2054 cum
1028 2006 1076 2053 id
1108 2005 1295 2054 efficere
1331 2022 1428 2053 non
1457 2015 1636 2071 posset,
1657 2021 1793 2054 secus

354 2103 465 2133 eum
485 2085 613 2133 aliud
632 2086 828 2133 nomine
846 2085 856 2109 ⁴
953 2085 1179 2145 extruxit3
1208 2101 1318 2149 rege
1338 2085 1528 2131 interim
1553 2093 1792 2150 occupato

354 2165 481 2212 circa
506 2163 691 2211 Odonis
721 2173 765 2210 et
782 2162 1004 2210 Fulconis
1024 2162 1248 2210 facinora.
1276 2165 1343 2209 Ex
1371 2162 1506 2226 cujus
1526 2161 1795 2211 munitione

355 2242 670 2290 arbitrabatur
713 2258 854 2307 posse
892 2258 1089 2289 omnem
1131 2242 1325 2289 navium
1381 2241 1795 2290 convectationem

356 2320 617 2386 prohiberi,
648 2336 759 2367 cnm
793 2318 882 2366 sibi
917 2319 1223 2367 advenientes
1258 2335 1359 2366 sese
1390 2319 1522 2384 prius
1545 2317 1790 2378 offerrent,

357 2399 487 2447 unde
505 2410 552 2447 et
566 2400 633 2447 eis
650 2399 902 2446 transitum
919 2397 1114 2445 ulterius
1138 2397 1352 2446 inhibere
1370 2397 1562 2446 valeret.

404 2549 425 2571 ¹⁸
449 2548 492 2582 In
505 2573 515 2590 ,
540 2547 593 2582 Co
608 2547 748 2581 abscisa.

404 2604 445 2625 ³*
470 2605 541 2646 Re,
560 2615 597 2637 re
612 2629 622 2646 ,
640 2615 681 2646 a,
699 2615 717 2637 r
730 2629 740 2646 ,
763 2603 863 2637 berto
881 2601 1018 2635 abscisa.

406 2661 416 2680 ¹
443 2659 532 2693 locus
553 2671 691 2692 vacuus.
