1890 3380
372 258 425 297 6⁴
867 255 1087 296 menam
1119 255 1219 297 Lm.
1257 255 1333 295 ΙΙΙ.

373 711 470 747 LVI.
486 731 535 739 -
554 711 682 759 figura
693 710 856 746 Get-berti
866 709 1113 758 philosophica
1124 721 1188 756 per
1200 708 1384 744 malivolo·
1396 707 1587 757 depravata
1596 733 1607 752 ,
1626 707 1673 743 ab
1691 705 1817 743 otrico
1886 712 1890 713 ⁷

954 768 1237 817 reprehenditur.

438 864 627 912 Etenim
651 881 764 912 cum
792 863 1138 912 mathematicae
1165 863 1347 930 phisica
1373 879 1477 930 par,
1499 872 1643 928 atque
1661 877 1821 911 coaeva

371 959 399 991 a
423 943 659 992 Gerberto
684 945 840 1010 posita
866 943 1045 1002 fuisset,
1070 942 1131 990 ab
1156 942 1251 990 hoc
1277 941 1623 990 mathematicae
1649 940 1821 989 eadem

372 1021 554 1087 phisica
597 1032 649 1069 ut
692 1022 854 1086 generi
893 1022 1076 1087 species
1118 1020 1308 1069 subdita
1345 1030 1443 1079 est;
1489 1020 1822 1086 incertumque

373 1109 534 1147 utrum
562 1099 794 1147 industria
821 1116 883 1147 an
914 1116 1077 1147 errore
1106 1098 1154 1146 id
1186 1098 1364 1146 sactum
1395 1099 1470 1146 sit.
1508 1098 1682 1164 Sicque
1708 1114 1821 1147 cum

372 1178 637 1245 multiplici·
669 1177 966 1226 diversarum
1007 1194 1169 1225 rerum
1215 1175 1575 1237 distributione,
1625 1176 1821 1248 Octrico

373 1256 524 1323 figura
548 1256 706 1304 delata
731 1266 816 1304 est.
853 1259 1011 1315 Quam
1037 1257 1136 1322 ipse
1159 1255 1517 1320 diligentissime
1542 1254 1817 1316 revolvens,

371 1334 659 1384 Ger-bertum
676 1334 800 1382 male
818 1333 1030 1381 divisisse
1055 1333 1186 1400 apud
1201 1350 1314 1381 suos
1337 1332 1736 1394 calumniabatur,
1761 1350 1821 1382 eo

371 1413 506 1480 quod
529 1413 735 1461 duarum
755 1412 1007 1478 aequalium
1031 1413 1317 1477 specierum,
1345 1411 1479 1460 alteri
1499 1411 1698 1461 alteram
1711 1411 1823 1460 sub-

370 1492 584 1539 stitutam
606 1501 659 1538 ut
683 1491 841 1556 generi
866 1491 1074 1556 speciem
1104 1490 1254 1555 ligura
1278 1490 1615 1539 mentiebatur.
1646 1494 1712 1540 Ac
1735 1507 1824 1557 per

371 1570 468 1618 hoc
490 1569 609 1617 nibil
630 1586 743 1616 eum
763 1567 1079 1634 philosophiae
1098 1568 1366 1634 percepisse
1393 1567 1620 1616 audacter
1641 1578 1821 1617 astrue·

371 1648 468 1696 bat.
495 1647 715 1712 Illudque
734 1663 846 1694 eum
872 1647 1063 1712 penitus
1086 1647 1305 1711 ignorare
1325 1646 1532 1707 dicebat,
1557 1648 1605 1695 in
1624 1664 1724 1713 quo
1748 1647 1821 1695 di-

371 1727 484 1774 vina
507 1735 555 1774 et
585 1726 798 1773 humana
823 1726 1106 1785 consistunt,
1135 1727 1238 1773 sine
1262 1725 1436 1790 quibus
1453 1726 1597 1774 etiam
1621 1725 1738 1774 nulli
1763 1726 1823 1774 sit

371 1804 830 1870 philosophandum.
871 1803 994 1851 Tulit
1037 1804 1195 1870 itaque
1240 1804 1301 1852 ad
1346 1804 1577 1870 palatium
1619 1803 1822 1871 figuram

372 1882 595 1943 eandem,
621 1892 669 1931 et
692 1897 856 1929 coram
882 1884 1062 1931 Ottone
1091 1894 1291 1948 augusto
1324 1884 1379 1931 iis
1404 1885 1489 1949 qui
1512 1885 1822 1950 sapientiores

370 1960 658 2008 videbantur
687 1977 793 2008 eam
818 1960 1082 2026 explicavit.
1111 1966 1345 2027 Augustus
1369 1979 1485 2010 vero
1510 1979 1623 2011 cum
1649 1972 1697 2012 et
1719 1963 1822 2029 ipse

372 2039 538 2087 talium
571 2032 944 2087 studiosissimus
966 2039 1241 2100 haberetur,
1270 2057 1331 2088 an
1352 2040 1614 2089 Get-bertus
1631 2057 1821 2090 errave·

372 2118 431 2165 rit
467 2117 808 2167 admirabatur.
852 2118 1046 2166 Viderat
1072 2119 1249 2167 etenim
1284 2119 1435 2178 illum,
1469 2129 1517 2167 et
1548 2135 1648 2167 non
1671 2118 1821 2167 semel

372 2196 695 2262 disputantem
730 2197 959 2245 audierat.
992 2198 1132 2247 Unde
1155 2208 1202 2246 et
1230 2198 1291 2246 ab
1315 2216 1374 2246 eo
1399 2197 1637 2264 praedictae
1669 2197 1821 2264 figure

371 2275 660 2324 solutionem
673 2274 774 2323 fieri
788 2277 992 2324 nimium
1012 2277 1225 2343 optabat.
1248 2280 1345 2326 Nec
1362 2277 1513 2326 defuit
1527 2277 1595 2325 rei
1607 2277 1816 2326 occasio.

1037 2439 1153 2473 Lvn.

437 2534 558 2580 Nam
600 2532 902 2580 venerandus
939 2535 1199 2580 Remorum
1244 2532 1643 2599 metropolitanus
1678 2531 1820 2581 Adai-

368 2609 505 2670 bero,
533 2620 643 2675 post
664 2610 873 2658 eundem
897 2628 1081 2659 aunum
1112 2614 1314 2659 Romam
1340 2629 1453 2660 cum
1477 2611 1711 2660 Gerberto
1733 2627 1819 2677 pe-

369 2687 523 2749 tebat,
551 2705 608 2736 ac
630 2689 780 2736 Ticini
814 2699 1067 2754 augustum
1095 2706 1207 2737 cum
1228 2690 1394 2738 Otrico
1415 2690 1640 2758 repperit.
1663 2692 1700 2737 Α
1718 2704 1819 2754 quo

367 2769 512 2817 etiam
544 2768 794 2834 magnifice
825 2780 1050 2834 exceptus
1085 2780 1176 2830 est,
1216 2770 1484 2835 ductusque
1514 2785 1602 2836 per
1635 2767 1821 2817 Padum
