1872 3372
385 278 457 320 15⁴
860 278 1080 320 Rlcnmu
1113 278 1212 320 Lm.
1248 279 1320 318 lv.

1078 405 1125 441 Χ.

441 512 699 576 Postquam
725 509 926 557 Karolus
961 509 1107 558 finem
1140 510 1450 575 querimoniae
1474 509 1605 570 fecit,
1637 518 1816 570 metuo·

374 588 614 655 politanus
638 588 800 637 animo
838 587 1072 638 immobili
1095 589 1107 613 ⁴
1138 589 1419 655 persistens,
1465 604 1618 656 pauca
1651 588 1820 640 admo-

373 665 492 714 dum
531 666 575 713 ei
615 665 862 731 respondit
892 684 903 713 :
943 685 967 710 ι(
1003 667 1125 714 Cum
1157 684 1180 711 υ
1207 666 1427 732 inquiens
1468 686 1492 712 «
1529 665 1731 733 perJuris
1757 675 1820 715 'et

378 764 400 788 «
431 743 692 808 sacrilegis,
731 743 929 808 aliisque
962 743 1151 791 nefariis
1191 743 1469 793 hominibus
1501 745 1604 811 ipse
1630 759 1822 812 semper

379 841 402 865 «
433 821 622 870 deditus
642 821 783 871 fueris
794 858 807 882 ,
832 837 921 869 nec
939 821 1000 870 ab
1018 821 1087 869 eis
1104 821 1263 871 adhuc
1280 822 1525 872 discedere
1538 822 1656 872 velis
1667 829 1822 889 ,quo-

378 920 400 944 «
433 899 581 948 modo
604 916 692 967 per
710 899 825 948 tales
843 910 891 948 et
914 916 1026 947 cum
1044 899 1216 948 talibus
1240 900 1301 949 ad
1318 901 1640 968 principatum
1658 901 1822 951 venire

378 999 400 1022 «
432 977 649 1026 moliris?
675 997 698 1022 »
730 978 798 1025 Ad
827 977 929 1025 haec
954 977 1130 1026 Karolo
1161 978 1483 1045 respondente
1501 1015 1515 1040 ,
1542 995 1610 1028 no
1706 995 1778 1050 po
1802 1007 1824 1017 ·

377 1067 475 1104 tere
499 1073 600 1105 sese
642 1073 754 1104 suos
793 1056 1012 1104 deserere
1028 1092 1041 1116 ‚
1077 1057 1162 1105 sed
1194 1060 1353 1124 potius
1387 1057 1506 1107 alios
1540 992 1819 1125 nixae,

376 1135 630 1202 episcopus
649 1135 773 1183 intra
790 1151 840 1182 se
866 1134 1156 1200 recogitabat
1175 1154 1186 1182 ε
1211 1156 1235 1180 «
1252 1139 1376 1184 Cum
1398 1137 1663 1203 »inquiens
1679 1128 1825 1186 «om-

379 1235 401 1260 «
431 1215 568 1262 nium
593 1214 878 1279 dignitatum
903 1231 1033 1262 nunc
1057 1231 1224 1279 egens,
1255 1216 1413 1280 pravis
1442 1214 1714 1285 quibusque
1736 1231 1823 1264 an-

380 1313 403 1338 «
434 1309 583 1340 nexus
607 1302 694 1353 est,
717 1309 927 1358 quorum
945 1292 1162 1340 sotietate
1186 1292 1496 1341 nullomodo
1514 1302 1677 1342 ωιτη
1692 1292 1821 1353 vult,

381 1391 404 1415 u
434 1372 482 1418 in
499 1381 728 1436 quantam
748 1370 1000 1436 pernitiem
1018 1369 1261 1418 bonorum
1286 1363 1431 1430 esset,
1458 1372 1505 1418 si·
1521 1369 1824 1437 elemuspro-

382 1468 405 1494 α
435 1449 626 1498 eederet
648 1451 695 1497 in
715 1447 883 1497 fasces!
905 1467 928 1493 »
948 1449 1161 1497 Tandem
1179 1450 1280 1497 sine
1295 1449 1823 1515 principum-consensu

380 1544 431 1575 se
455 1544 600 1594 super
624 1528 718 1575 hoc
746 1526 861 1575 nihil
887 1526 1123 1575 facturum
1150 1526 1563 1594 respondens‚·ab
1584 1543 1645 1577 eo
1669 1522 1825 1577 ‹linio—

379 1616 454 1654 tus
479 1617 564 1655 est.

684 1735 751 1770 xl,
771 1735 952 1771 —Oratio
969 1737 989 1759 ³*
1007 1735 1267 1783 metropolitani
1285 1738 1305 1758 ὓ
1324 1747 1392 1783 pro
1410 1733 1514 1770 duee.

444 1839 647 1887 Karolus
672 1857 756 1906 spe
780 1840 914 1905 regni
938 1839 1187 1900 decidens,
1216 1839 1380 1886 animo
1398 1836 1593 1894 turbato
1607 1872 1624 1899 ,
1644 1837 1695 1887 in
1720 1837 1826 1886 Bel-

379 1919 532 1983 gicam
558 1919 648 1966 iter
671 1918 888 1966 dimovit.
923 1921 1139 1966 Preterea
1163 1928 1382 1983 tempore
1403 1917 1691 1977 constituto,
1715 1915 1829 1965 Gal-

379 1997 551 2046 liarum
569 1997 807 2063 principes
827 1997 1000 2061 jurati,
1021 1996 1273 2045 Silvaneoti
1290 1995 1479 2044 collecti
1493 2005 1624 2044 sunt.
1640 1993 1828 2055 Quibus

378 2076 428 2122 in
454 2076 585 2123 curia
616 2075 959 2135 residentibus,
982 2075 1106 2122 duce
1137 2083 1406 2134 annuente,
1428 2072 1829 2141 metropolitanus

374 2154 442 2202 sic
459 2153 647 2202 locutus
664 2164 735 2202 est
753 2172 764 2200 ε
789 2173 814 2199 «
832 2154 962 2201 Divae
980 2153 1223 2201 memoriae
1241 2152 1259 2178 ²
1281 2152 1527 2200 Ludovico
1544 2153 1651 2200 sine
1665 2151 1829 2200 liberis

383 2253 408 2279 «
436 2232 543 2281 orbi
581 2233 598 2258 ³
645 2232 888 2281 subtracto
903 2271 916 2294 ,
959 2231 1262 2298 querendum
1299 2232 1449 2280 multa
1484 2224 1828 2301 delibet-stione

384 2335 410 2360 «
437 2315 524 2363 fuit
541 2315 625 2381 qui
650 2316 751 2380 ejus
766 2317 893 2364 vices
912 2317 961 2363 in
978 2332 1127 2380 regno
1144 2313 1387 2382 suppleret
1398 2351 1411 2375 ‚
1431 2330 1494 2363 ne
1513 2330 1588 2362 res
1606 2294 1824 2386 publica,

384 2414 409 2440 «
436 2393 618 2460 absque
644 2394 962 2459 gubernatore
995 2394 1210 2459 neglecta
1227 2430 1240 2455 ‚
1277 2393 1656 2442 labefactarettm
1689 2391 1829 2450 Unde

384 2492 409 2519 «
436 2484 485 2522 et
506 2473 786 2539 hujusmodi
810 2475 1055 2539 negotium
1074 2490 1228 2540 nuper
1245 2473 1409 2521 diferri
1434 2472 1549 2521 utile
1575 2471 1825 2532 dudm,

429 2638 448 2657 ³¹
475 2636 540 2679 Or,
558 2648 607 2683 po
627 2635 768 2670 abscisa.

430 2694 439 2714 ¹
467 2693 644 2728 obstinato
659 2706 757 2741 supra
771 2695 882 2740 posito
902 2694 955 2728 vel
980 2693 1154 2729 immobili
1175 2692 1291 2728 codex.

429 2751 444 2772 ¹
471 2750 517 2784 D.
543 2750 597 2784 Μ.
615 2749 691 2784 cod.

430 2808 443 2828 ³
469 2807 512 2841 ab
529 2807 596 2841 har
614 2808 682 2842 vita
701 2820 783 2841 corr.
809 2808 902 2841 orbi,
