<?xml version="1.0" encoding="UTF-8"?>
<!DOCTYPE html PUBLIC "-//W3C//DTD XHTML 1.0 Transitional//EN"
    "http://www.w3.org/TR/xhtml1/DTD/xhtml1-transitional.dtd">
<html xmlns="http://www.w3.org/1999/xhtml" xml:lang="en" lang="en">
 <head>
  <title>
</title>
<meta http-equiv="Content-Type" content="text/html;charset=utf-8" />
  <meta name='ocr-system' content='tesseract 3.04.00' />
  <meta name='ocr-capabilities' content='ocr_page ocr_carea ocr_par ocr_line ocrx_word'/>
</head>
<body>
  <div class='ocr_page' id='page_1' title='image "./richerhistoirede02richuoft_0112.png"; bbox 0 0 1872 3372; ppageno 0'>
   <div class='ocr_carea' id='block_1_1' title="bbox 363 267 1298 311">
    <p class='ocr_par' dir='ltr' id='par_1_1' title="bbox 363 267 1298 311">
     <span class='ocr_line' id='line_1_1' title="bbox 363 267 1298 311; baseline 0.001 -3"><span class='ocrx_word' id='word_1_1' title='bbox 363 267 439 308; x_wconf 74' lang='lat'>104</span> <span class='ocrx_word' id='word_1_2' title='bbox 830 270 1048 311; x_wconf 66' lang='lat' dir='ltr'>mcum!</span> <span class='ocrx_word' id='word_1_3' title='bbox 1085 270 1185 311; x_wconf 76' lang='grc' dir='ltr'>ΜΒ.</span> <span class='ocrx_word' id='word_1_4' title='bbox 1222 270 1298 311; x_wconf 81' lang='grc' dir='ltr'><strong>ΙΙΙ.</strong></span> 
     </span>
    </p>
   </div>
   <div class='ocr_carea' id='block_1_2' title="bbox 355 357 1815 1297">
    <p class='ocr_par' dir='ltr' id='par_1_2' title="bbox 355 357 1815 1297">
     <span class='ocr_line' id='line_1_2' title="bbox 355 357 1792 426; baseline 0.001 -20"><span class='ocrx_word' id='word_1_5' title='bbox 355 357 459 406; x_wconf 88' lang='lat' dir='ltr'>solo</span> <span class='ocrx_word' id='word_1_6' title='bbox 500 359 726 426; x_wconf 87' lang='lat' dir='ltr'>episcopo</span> <span class='ocrx_word' id='word_1_7' title='bbox 763 359 1162 420; x_wconf 89' lang='lat' dir='ltr'>introduceretur,</span> <span class='ocrx_word' id='word_1_8' title='bbox 1207 370 1259 407; x_wconf 93' lang='lat' dir='ltr'>ut</span> <span class='ocrx_word' id='word_1_9' title='bbox 1302 376 1410 424; x_wconf 89' lang='lat' dir='ltr'>rege</span> <span class='ocrx_word' id='word_1_10' title='bbox 1450 359 1673 409; x_wconf 80' lang='lat' dir='ltr'>latiariter</span> <span class='ocrx_word' id='word_1_11' title='bbox 1713 359 1792 408; x_wconf 87' lang='lat' dir='ltr'>lo·</span> 
     </span>
     <span class='ocr_line' id='line_1_3' title="bbox 356 437 1794 504; baseline 0.001 -20"><span class='ocrx_word' id='word_1_12' title='bbox 356 446 534 502; x_wconf 89' lang='lat' dir='ltr'>quente</span> <span class='ocrx_word' id='word_1_13' title='bbox 546 473 558 497; x_wconf 86' lang='lat'>‚</span> <span class='ocrx_word' id='word_1_14' title='bbox 587 438 838 504; x_wconf 83' lang='lat' dir='ltr'>episcopus</span> <span class='ocrx_word' id='word_1_15' title='bbox 870 437 1109 486; x_wconf 75' lang='lat' dir='ltr'>latinitatis</span> <span class='ocrx_word' id='word_1_16' title='bbox 1142 438 1374 504; x_wconf 79' lang='lat' dir='ltr'>interpres</span> <span class='ocrx_word' id='word_1_17' title='bbox 1387 474 1399 498; x_wconf 92' lang='lat'>‚</span> <span class='ocrx_word' id='word_1_18' title='bbox 1429 437 1540 485; x_wconf 89' lang='lat' dir='ltr'>duci</span> <span class='ocrx_word' id='word_1_19' title='bbox 1564 437 1794 504; x_wconf 84' lang='lat' dir='ltr'>quicquid</span> 
     </span>
     <span class='ocr_line' id='line_1_4' title="bbox 357 517 1794 585; baseline 0.002 -20"><span class='ocrx_word' id='word_1_20' title='bbox 357 517 595 567; x_wconf 73' lang='lat' dir='ltr'>diceretur</span> <span class='ocrx_word' id='word_1_21' title='bbox 620 519 864 567; x_wconf 88' lang='lat' dir='ltr'>indicaret.</span> <span class='ocrx_word' id='word_1_22' title='bbox 901 520 1176 585; x_wconf 84' lang='lat' dir='ltr'>Introgressi</span> <span class='ocrx_word' id='word_1_23' title='bbox 1205 520 1346 585; x_wconf 89' lang='lat' dir='ltr'>igitur</span> <span class='ocrx_word' id='word_1_24' title='bbox 1361 556 1373 580; x_wconf 93' lang='lat'>,</span> <span class='ocrx_word' id='word_1_25' title='bbox 1411 537 1438 568; x_wconf 92' lang='lat' dir='ltr'>a</span> <span class='ocrx_word' id='word_1_26' title='bbox 1472 536 1582 584; x_wconf 87' lang='lat' dir='ltr'>rege</span> <span class='ocrx_word' id='word_1_27' title='bbox 1613 520 1794 585; x_wconf 80' lang='lat' dir='ltr'>ingenti</span> 
     </span>
     <span class='ocr_line' id='line_1_5' title="bbox 359 601 1791 669; baseline 0.002 -21"><span class='ocrx_word' id='word_1_28' title='bbox 359 601 521 649; x_wconf 82' lang='lat' dir='ltr'>favore</span> <span class='ocrx_word' id='word_1_29' title='bbox 536 602 719 667; x_wconf 84' lang='lat' dir='ltr'>excepti</span> <span class='ocrx_word' id='word_1_30' title='bbox 738 611 864 649; x_wconf 89' lang='lat' dir='ltr'>sunt.</span> <span class='ocrx_word' id='word_1_31' title='bbox 891 603 986 649; x_wconf 82' lang='lat' dir='ltr'>Rex</span> <span class='ocrx_word' id='word_1_32' title='bbox 1006 602 1286 666; x_wconf 85' lang='lat' dir='ltr'>injuriarum</span> <span class='ocrx_word' id='word_1_33' title='bbox 1305 602 1547 668; x_wconf 90' lang='lat' dir='ltr'>querelam</span> <span class='ocrx_word' id='word_1_34' title='bbox 1565 601 1791 669; x_wconf 86' lang='lat' dir='ltr'>deponit;</span> 
     </span>
     <span class='ocr_line' id='line_1_6' title="bbox 357 679 1791 748; baseline 0.003 -22"><span class='ocrx_word' id='word_1_35' title='bbox 357 689 405 727; x_wconf 91' lang='lat' dir='ltr'>et</span> <span class='ocrx_word' id='word_1_36' title='bbox 420 679 639 727; x_wconf 87' lang='lat' dir='ltr'>osculum</span> <span class='ocrx_word' id='word_1_37' title='bbox 654 679 791 739; x_wconf 88' lang='lat' dir='ltr'>dans,</span> <span class='ocrx_word' id='word_1_38' title='bbox 812 680 1010 745; x_wconf 84' lang='lat' dir='ltr'>gratiam</span> <span class='ocrx_word' id='word_1_39' title='bbox 1025 681 1097 728; x_wconf 90' lang='lat' dir='ltr'>sui</span> <span class='ocrx_word' id='word_1_40' title='bbox 1114 680 1383 729; x_wconf 80' lang='lat' dir='ltr'>favoraliter</span> <span class='ocrx_word' id='word_1_41' title='bbox 1393 683 1548 730; x_wconf 90' lang='lat' dir='ltr'>amico</span> <span class='ocrx_word' id='word_1_42' title='bbox 1565 681 1791 748; x_wconf 80' lang='lat' dir='ltr'>impertit.</span> 
     </span>
     <span class='ocr_line' id='line_1_7' title="bbox 362 757 1798 823; baseline 0.002 -18"><span class='ocrx_word' id='word_1_43' title='bbox 362 757 631 805; x_wconf 81' lang='lat' dir='ltr'>l‘ostmulta</span> <span class='ocrx_word' id='word_1_44' title='bbox 648 757 889 823; x_wconf 87' lang='lat' dir='ltr'>colloquia</span> <span class='ocrx_word' id='word_1_45' title='bbox 907 757 968 805; x_wconf 93' lang='lat' dir='ltr'>de</span> <span class='ocrx_word' id='word_1_46' title='bbox 984 758 1195 810; x_wconf 86' lang='lat' dir='ltr'>amicicia</span> <span class='ocrx_word' id='word_1_47' title='bbox 1211 758 1451 820; x_wconf 88' lang='lat' dir='ltr'>habenda,</span> <span class='ocrx_word' id='word_1_48' title='bbox 1470 776 1584 808; x_wconf 91' lang='lat' dir='ltr'>cum</span> <span class='ocrx_word' id='word_1_49' title='bbox 1603 776 1683 808; x_wconf 82' lang='lat' dir='ltr'>rex</span> <span class='ocrx_word' id='word_1_50' title='bbox 1702 759 1798 808; x_wconf 84' lang='lat' dir='ltr'>exi-</span> 
     </span>
     <span class='ocr_line' id='line_1_8' title="bbox 358 835 1798 905; baseline 0.003 -22"><span class='ocrx_word' id='word_1_51' title='bbox 358 846 446 894; x_wconf 79' lang='lat' dir='ltr'>ret,</span> <span class='ocrx_word' id='word_1_52' title='bbox 471 835 777 902; x_wconf 86' lang='lat' dir='ltr'>gladiumque</span> <span class='ocrx_word' id='word_1_53' title='bbox 803 836 1062 902; x_wconf 87' lang='lat' dir='ltr'>respiciens</span> <span class='ocrx_word' id='word_1_54' title='bbox 1085 846 1289 902; x_wconf 88' lang='lat' dir='ltr'>peteret,</span> <span class='ocrx_word' id='word_1_55' title='bbox 1311 836 1409 885; x_wconf 83' lang='lat' dir='ltr'>dux</span> <span class='ocrx_word' id='word_1_56' title='bbox 1434 835 1683 905; x_wconf 88' lang='lat' dir='ltr'>paululum</span> <span class='ocrx_word' id='word_1_57' title='bbox 1701 854 1728 886; x_wconf 89' lang='lat' dir='ltr'>a</span> <span class='ocrx_word' id='word_1_58' title='bbox 1746 854 1798 886; x_wconf 80' lang='lat' dir='ltr'>se</span> 
     </span>
     <span class='ocr_line' id='line_1_9' title="bbox 358 913 1798 982; baseline 0.003 -22"><span class='ocrx_word' id='word_1_59' title='bbox 358 913 610 961; x_wconf 85' lang='lat' dir='ltr'>discedens</span> <span class='ocrx_word' id='word_1_60' title='bbox 624 931 674 961; x_wconf 92' lang='lat' dir='ltr'>se</span> <span class='ocrx_word' id='word_1_61' title='bbox 685 914 929 962; x_wconf 90' lang='lat' dir='ltr'>inclinavit</span> <span class='ocrx_word' id='word_1_62' title='bbox 939 913 1208 979; x_wconf 86' lang='lat' dir='ltr'>utgladium</span> <span class='ocrx_word' id='word_1_63' title='bbox 1221 915 1424 975; x_wconf 85' lang='lat' dir='ltr'>tolleret,</span> <span class='ocrx_word' id='word_1_64' title='bbox 1446 932 1502 963; x_wconf 91' lang='lat' dir='ltr'>ac</span> <span class='ocrx_word' id='word_1_65' title='bbox 1517 926 1628 982; x_wconf 83' lang='lat' dir='ltr'>post</span> <span class='ocrx_word' id='word_1_66' title='bbox 1637 933 1798 982; x_wconf 83' lang='lat' dir='ltr'>regem</span> 
     </span>
     <span class='ocr_line' id='line_1_10' title="bbox 357 991 1798 1058; baseline 0.003 -20"><span class='ocrx_word' id='word_1_67' title='bbox 357 992 520 1051; x_wconf 79' lang='lat' dir='ltr'>ferret3</span> <span class='ocrx_word' id='word_1_68' title='bbox 534 991 626 1039; x_wconf 86' lang='lat' dir='ltr'>hac</span> <span class='ocrx_word' id='word_1_69' title='bbox 642 992 771 1039; x_wconf 90' lang='lat' dir='ltr'>enim</span> <span class='ocrx_word' id='word_1_70' title='bbox 789 1009 931 1039; x_wconf 90' lang='lat' dir='ltr'>causa</span> <span class='ocrx_word' id='word_1_71' title='bbox 945 1009 1089 1058; x_wconf 87' lang='lat' dir='ltr'>super</span> <span class='ocrx_word' id='word_1_72' title='bbox 1101 992 1265 1040; x_wconf 90' lang='lat' dir='ltr'>sellam</span> <span class='ocrx_word' id='word_1_73' title='bbox 1277 994 1469 1041; x_wconf 88' lang='lat' dir='ltr'>relictus</span> <span class='ocrx_word' id='word_1_74' title='bbox 1483 993 1586 1054; x_wconf 82' lang='lat' dir='ltr'>fuit,</span> <span class='ocrx_word' id='word_1_75' title='bbox 1603 1005 1656 1043; x_wconf 91' lang='lat' dir='ltr'>ut</span> <span class='ocrx_word' id='word_1_76' title='bbox 1679 994 1798 1043; x_wconf 88' lang='lat' dir='ltr'>dum</span> 
     </span>
     <span class='ocr_line' id='line_1_11' title="bbox 355 1070 1787 1139; baseline 0.003 -22"><span class='ocrx_word' id='word_1_77' title='bbox 355 1070 452 1118; x_wconf 85' lang='lat' dir='ltr'>dux</span> <span class='ocrx_word' id='word_1_78' title='bbox 462 1071 669 1118; x_wconf 78' lang='lat' dir='ltr'>cunctis&#39;</span> <span class='ocrx_word' id='word_1_79' title='bbox 690 1070 988 1118; x_wconf 76' lang='lat' dir='ltr'>videntibus⁴</span> <span class='ocrx_word' id='word_1_80' title='bbox 1013 1071 1250 1139; x_wconf 25' lang='lat' dir='ltr'>gladium·⁴</span> <span class='ocrx_word' id='word_1_81' title='bbox 1278 1072 1436 1132; x_wconf 83' lang='lat' dir='ltr'>ferret,</span> <span class='ocrx_word' id='word_1_82' title='bbox 1450 1073 1755 1139; x_wconf 84' lang='lat' dir='ltr'>inposterum</span> <span class='ocrx_word' id='word_1_83' title='bbox 1776 1074 1787 1098; x_wconf 81' lang='lat'>¹</span> 
     </span>
     <span class='ocr_line' id='line_1_12' title="bbox 356 1149 1800 1218; baseline 0.003 -23"><span class='ocrx_word' id='word_1_84' title='bbox 356 1149 500 1196; x_wconf 89' lang='lat' dir='ltr'>etiam</span> <span class='ocrx_word' id='word_1_85' title='bbox 526 1165 576 1196; x_wconf 89' lang='lat' dir='ltr'>se</span> <span class='ocrx_word' id='word_1_86' title='bbox 594 1149 926 1215; x_wconf 78' lang='lat' dir='ltr'>portaturum⁴</span> <span class='ocrx_word' id='word_1_87' title='bbox 953 1149 1184 1198; x_wconf 87' lang='lat' dir='ltr'>indicaret</span> <span class='ocrx_word' id='word_1_88' title='bbox 1206 1151 1240 1197; x_wconf 79' lang='lat'>¹.</span> <span class='ocrx_word' id='word_1_89' title='bbox 1272 1152 1538 1218; x_wconf 87' lang='lat' dir='ltr'>Episcopus</span> <span class='ocrx_word' id='word_1_90' title='bbox 1552 1168 1669 1200; x_wconf 81' lang='lat' dir='ltr'>vero</span> <span class='ocrx_word' id='word_1_91' title='bbox 1687 1151 1800 1200; x_wconf 90' lang='lat' dir='ltr'>duci</span> 
     </span>
     <span class='ocr_line' id='line_1_13' title="bbox 357 1227 1815 1297; baseline 0.003 -23"><span class='ocrx_word' id='word_1_92' title='bbox 357 1227 636 1287; x_wconf 89' lang='lat' dir='ltr'>consulens,</span> <span class='ocrx_word' id='word_1_93' title='bbox 667 1227 877 1292; x_wconf 88' lang='lat' dir='ltr'>gladium</span> <span class='ocrx_word' id='word_1_94' title='bbox 902 1227 964 1275; x_wconf 87' lang='lat' dir='ltr'>ab</span> <span class='ocrx_word' id='word_1_95' title='bbox 991 1227 1093 1292; x_wconf 91' lang='lat' dir='ltr'>ejus</span> <span class='ocrx_word' id='word_1_96' title='bbox 1117 1245 1264 1276; x_wconf 86' lang='lat' dir='ltr'>manu</span> <span class='ocrx_word' id='word_1_97' title='bbox 1284 1229 1442 1296; x_wconf 85' lang='lat' dir='ltr'>rapuit</span> <span class='ocrx_word' id='word_1_98' title='bbox 1455 1265 1468 1290; x_wconf 88' lang='lat'>,</span> <span class='ocrx_word' id='word_1_99' title='bbox 1487 1238 1535 1277; x_wconf 87' lang='lat' dir='ltr'>et</span> <span class='ocrx_word' id='word_1_100' title='bbox 1551 1230 1652 1297; x_wconf 83' lang='lat' dir='ltr'>ipse</span> <span class='ocrx_word' id='word_1_101' title='bbox 1669 1228 1815 1279; x_wconf 81' lang='lat' dir='ltr'>defe·&#39;</span> 
     </span>
    </p>
   </div>
   <div class='ocr_carea' id='block_1_3' title="bbox 356 1306 1802 1448">
    <p class='ocr_par' dir='ltr' id='par_1_3' title="bbox 356 1306 1802 1448">
     <span class='ocr_line' id='line_1_14' title="bbox 357 1306 1802 1373; baseline 0.002 -20"><span class='ocrx_word' id='word_1_102' title='bbox 357 1323 468 1354; x_wconf 88' lang='lat' dir='ltr'>rens</span> <span class='ocrx_word' id='word_1_103' title='bbox 495 1316 604 1372; x_wconf 88' lang='lat' dir='ltr'>post</span> <span class='ocrx_word' id='word_1_104' title='bbox 635 1323 794 1371; x_wconf 85' lang='lat' dir='ltr'>regem</span> <span class='ocrx_word' id='word_1_105' title='bbox 833 1307 1037 1354; x_wconf 86' lang='lat' dir='ltr'>incessit.</span> <span class='ocrx_word' id='word_1_106' title='bbox 1078 1306 1224 1371; x_wconf 88' lang='lat' dir='ltr'>Cujus</span> <span class='ocrx_word' id='word_1_107' title='bbox 1254 1307 1562 1373; x_wconf 85' lang='lat' dir='ltr'>prudentiam</span> <span class='ocrx_word' id='word_1_108' title='bbox 1587 1306 1731 1357; x_wconf 75' lang='lat' dir='ltr'>sirnul</span> <span class='ocrx_word' id='word_1_109' title='bbox 1753 1317 1802 1356; x_wconf 82' lang='lat' dir='ltr'>et</span> 
     </span>
     <span class='ocr_line' id='line_1_15' title="bbox 356 1380 1801 1448; baseline 0.003 -21"><span class='ocrx_word' id='word_1_110' title='bbox 356 1380 579 1428; x_wconf 90' lang='lat' dir='ltr'>astutiam</span> <span class='ocrx_word' id='word_1_111' title='bbox 613 1397 695 1428; x_wconf 87' lang='lat' dir='ltr'>rex</span> <span class='ocrx_word' id='word_1_112' title='bbox 728 1380 1016 1440; x_wconf 83' lang='lat' dir='ltr'>admiratuS‚</span> <span class='ocrx_word' id='word_1_113' title='bbox 1049 1380 1180 1447; x_wconf 90' lang='lat' dir='ltr'>apud</span> <span class='ocrx_word' id='word_1_114' title='bbox 1215 1398 1328 1429; x_wconf 90' lang='lat' dir='ltr'>suos</span> <span class='ocrx_word' id='word_1_115' title='bbox 1359 1393 1527 1448; x_wconf 87' lang='lat' dir='ltr'>postea</span> <span class='ocrx_word' id='word_1_116' title='bbox 1563 1398 1664 1431; x_wconf 85' lang='lat' dir='ltr'>non</span> <span class='ocrx_word' id='word_1_117' title='bbox 1698 1382 1801 1431; x_wconf 77' lang='lat' dir='ltr'>sine</span> 
     </span>
    </p>
   </div>
   <div class='ocr_carea' id='block_1_4' title="bbox 358 1458 1802 1527">
    <p class='ocr_par' dir='ltr' id='par_1_4' title="bbox 358 1458 1802 1527">
     <span class='ocr_line' id='line_1_16' title="bbox 358 1458 1802 1527; baseline 0.003 -22"><span class='ocrx_word' id='word_1_118' title='bbox 358 1458 502 1507; x_wconf 90' lang='lat' dir='ltr'>laude</span> <span class='ocrx_word' id='word_1_119' title='bbox 527 1459 686 1526; x_wconf 88' lang='lat' dir='ltr'>sepius</span> <span class='ocrx_word' id='word_1_120' title='bbox 711 1458 1041 1523; x_wconf 79' lang='lat' dir='ltr'>frequentavit.</span> <span class='ocrx_word' id='word_1_121' title='bbox 1075 1463 1258 1507; x_wconf 90' lang='lat' dir='ltr'>Ducem</span> <span class='ocrx_word' id='word_1_122' title='bbox 1288 1477 1484 1526; x_wconf 85' lang='lat' dir='ltr'>quoque</span> <span class='ocrx_word' id='word_1_123' title='bbox 1521 1461 1571 1509; x_wconf 87' lang='lat' dir='ltr'>in</span> <span class='ocrx_word' id='word_1_124' title='bbox 1596 1460 1802 1527; x_wconf 82' lang='lat' dir='ltr'>plurima</span> 
     </span>
    </p>
   </div>
   <div class='ocr_carea' id='block_1_5' title="bbox 359 1537 1802 1682">
    <p class='ocr_par' dir='ltr' id='par_1_5' title="bbox 359 1537 1802 1682">
     <span class='ocr_line' id='line_1_17' title="bbox 359 1537 1802 1605; baseline 0.003 -21"><span class='ocrx_word' id='word_1_125' title='bbox 359 1537 575 1585; x_wconf 87' lang='lat' dir='ltr'>amicicia</span> <span class='ocrx_word' id='word_1_126' title='bbox 599 1547 896 1603; x_wconf 90' lang='lat' dir='ltr'>susceptum,</span> <span class='ocrx_word' id='word_1_127' title='bbox 931 1554 1042 1585; x_wconf 86' lang='lat' dir='ltr'>cum</span> <span class='ocrx_word' id='word_1_128' title='bbox 1066 1537 1255 1587; x_wconf 88' lang='lat' dir='ltr'>honore</span> <span class='ocrx_word' id='word_1_129' title='bbox 1285 1549 1333 1587; x_wconf 92' lang='lat' dir='ltr'>et</span> <span class='ocrx_word' id='word_1_130' title='bbox 1356 1555 1474 1604; x_wconf 85' lang='lat' dir='ltr'>pace</span> <span class='ocrx_word' id='word_1_131' title='bbox 1500 1555 1624 1605; x_wconf 88' lang='lat' dir='ltr'>pene</span> <span class='ocrx_word' id='word_1_132' title='bbox 1650 1556 1802 1605; x_wconf 80' lang='lat' dir='ltr'>usque</span> 
     </span>
     <span class='ocr_line' id='line_1_18' title="bbox 359 1615 924 1682; baseline -0.002 -19"><span class='ocrx_word' id='word_1_133' title='bbox 359 1615 421 1663; x_wconf 86' lang='lat' dir='ltr'>ad</span> <span class='ocrx_word' id='word_1_134' title='bbox 447 1615 586 1682; x_wconf 83' lang='lat' dir='ltr'>Alpes</span> <span class='ocrx_word' id='word_1_135' title='bbox 604 1615 778 1663; x_wconf 90' lang='lat' dir='ltr'>deduci</span> <span class='ocrx_word' id='word_1_136' title='bbox 799 1615 924 1663; x_wconf 86' lang='lat' dir='ltr'>fecit.</span> 
     </span>
    </p>
   </div>
   <div class='ocr_carea' id='block_1_6' title="bbox 606 1846 1552 1913">
    <p class='ocr_par' dir='ltr' id='par_1_6' title="bbox 606 1846 1552 1913">
     <span class='ocr_line' id='line_1_19' title="bbox 606 1846 1552 1913; baseline 0.001 -13"><span class='ocrx_word' id='word_1_137' title='bbox 606 1866 807 1900; x_wconf 73' lang='lat' dir='ltr'>Lxxxvt.</span> <span class='ocrx_word' id='word_1_138' title='bbox 827 1885 875 1892; x_wconf 84' lang='lat'><em>-</em></span> <span class='ocrx_word' id='word_1_139' title='bbox 891 1846 1221 1913; x_wconf 64' lang='lat' dir='ltr'>Epistolaimharii</span> <span class='ocrx_word' id='word_1_140' title='bbox 1243 1865 1288 1900; x_wconf 73' lang='lat' dir='ltr'>aa</span> <span class='ocrx_word' id='word_1_141' title='bbox 1307 1865 1552 1901; x_wconf 70' lang='lat' dir='ltr'>chonradum.</span> 
     </span>
    </p>
   </div>
   <div class='ocr_carea' id='block_1_7' title="bbox 365 1972 1805 2196">
    <p class='ocr_par' dir='ltr' id='par_1_7' title="bbox 365 1972 1805 2196">
     <span class='ocr_line' id='line_1_20' title="bbox 431 1972 1805 2038; baseline 0.001 -18"><span class='ocrx_word' id='word_1_142' title='bbox 431 1972 682 2021; x_wconf 87' lang='lat' dir='ltr'>Lotharius</span> <span class='ocrx_word' id='word_1_143' title='bbox 700 1989 805 2032; x_wconf 85' lang='lat' dir='ltr'>rex,</span> <span class='ocrx_word' id='word_1_144' title='bbox 826 1989 1017 2021; x_wconf 89' lang='lat' dir='ltr'>necnon</span> <span class='ocrx_word' id='word_1_145' title='bbox 1039 1984 1086 2021; x_wconf 91' lang='lat' dir='ltr'>et</span> <span class='ocrx_word' id='word_1_146' title='bbox 1111 1976 1280 2021; x_wconf 88' lang='lat' dir='ltr'>Emma</span> <span class='ocrx_word' id='word_1_147' title='bbox 1299 1974 1462 2038; x_wconf 89' lang='lat' dir='ltr'>regina</span> <span class='ocrx_word' id='word_1_148' title='bbox 1485 1973 1680 2022; x_wconf 87' lang='lat' dir='ltr'>insidias</span> <span class='ocrx_word' id='word_1_149' title='bbox 1701 1972 1805 2022; x_wconf 87' lang='lat' dir='ltr'>ubi-</span> 
     </span>
     <span class='ocr_line' id='line_1_21' title="bbox 365 2051 1800 2119; baseline 0 -19"><span class='ocrx_word' id='word_1_150' title='bbox 365 2070 460 2118; x_wconf 90' lang='lat' dir='ltr'>que</span> <span class='ocrx_word' id='word_1_151' title='bbox 484 2051 744 2119; x_wconf 79' lang='lat' dir='ltr'>parabant3</span> <span class='ocrx_word' id='word_1_152' title='bbox 779 2062 826 2099; x_wconf 94' lang='lat' dir='ltr'>et</span> <span class='ocrx_word' id='word_1_153' title='bbox 858 2061 909 2099; x_wconf 89' lang='lat' dir='ltr'>ut</span> <span class='ocrx_word' id='word_1_154' title='bbox 932 2052 980 2098; x_wconf 88' lang='lat' dir='ltr'>in</span> <span class='ocrx_word' id='word_1_155' title='bbox 1019 2052 1186 2099; x_wconf 90' lang='lat' dir='ltr'>itinere</span> <span class='ocrx_word' id='word_1_156' title='bbox 1226 2051 1510 2100; x_wconf 86' lang='lat' dir='ltr'>redeuntem</span> <span class='ocrx_word' id='word_1_157' title='bbox 1551 2061 1800 2119; x_wconf 82' lang='lat' dir='ltr'>caperent,</span> 
     </span>
     <span class='ocr_line' id='line_1_22' title="bbox 365 2130 1804 2196; baseline 0 -17"><span class='ocrx_word' id='word_1_158' title='bbox 365 2131 506 2180; x_wconf 93' lang='lat' dir='ltr'>dolos</span> <span class='ocrx_word' id='word_1_159' title='bbox 541 2130 914 2196; x_wconf 86' lang='lat' dir='ltr'>praetendebant.</span> <span class='ocrx_word' id='word_1_160' title='bbox 968 2131 1113 2194; x_wconf 85' lang='lat' dir='ltr'>Igitur</span> <span class='ocrx_word' id='word_1_161' title='bbox 1152 2130 1378 2178; x_wconf 89' lang='lat' dir='ltr'>Conrado</span> <span class='ocrx_word' id='word_1_162' title='bbox 1430 2130 1804 2179; x_wconf 86' lang='lat' dir='ltr'>Alemannorum</span> 
     </span>
    </p>
   </div>
   <div class='ocr_carea' id='block_1_8' title="bbox 365 2208 1806 2347">
    <p class='ocr_par' dir='ltr' id='par_1_8' title="bbox 365 2208 1806 2347">
     <span class='ocr_line' id='line_1_23' title="bbox 365 2208 1806 2275; baseline -0.001 -16"><span class='ocrx_word' id='word_1_163' title='bbox 365 2211 462 2275; x_wconf 87' lang='lat' dir='ltr'>regi</span> <span class='ocrx_word' id='word_1_164' title='bbox 481 2209 731 2275; x_wconf 90' lang='lat' dir='ltr'>epistolam</span> <span class='ocrx_word' id='word_1_165' title='bbox 756 2209 926 2274; x_wconf 87' lang='lat' dir='ltr'>legavit</span> <span class='ocrx_word' id='word_1_166' title='bbox 950 2209 1080 2257; x_wconf 89' lang='lat' dir='ltr'>hunc</span> <span class='ocrx_word' id='word_1_167' title='bbox 1105 2208 1305 2257; x_wconf 91' lang='lat' dir='ltr'>modum</span> <span class='ocrx_word' id='word_1_168' title='bbox 1330 2209 1589 2258; x_wconf 86' lang='lat' dir='ltr'>habentem</span> <span class='ocrx_word' id='word_1_169' title='bbox 1619 2228 1629 2256; x_wconf 90' lang='lat'>:</span> <span class='ocrx_word' id='word_1_170' title='bbox 1663 2230 1686 2254; x_wconf 76' lang='grc' dir='ltr'>α</span> <span class='ocrx_word' id='word_1_171' title='bbox 1716 2212 1806 2258; x_wconf 93' lang='lat' dir='ltr'>Lo-</span> 
     </span>
     <span class='ocr_line' id='line_1_24' title="bbox 367 2283 1806 2347; baseline 0.002 -18"><span class='ocrx_word' id='word_1_172' title='bbox 367 2306 392 2330; x_wconf 92' lang='lat'>«</span> <span class='ocrx_word' id='word_1_173' title='bbox 423 2284 603 2332; x_wconf 88' lang='lat' dir='ltr'>tharius</span> <span class='ocrx_word' id='word_1_174' title='bbox 627 2287 919 2331; x_wconf 85' lang='lat' dir='ltr'>Francorum</span> <span class='ocrx_word' id='word_1_175' title='bbox 954 2284 1099 2347; x_wconf 86' lang='lat' dir='ltr'>gratia</span> <span class='ocrx_word' id='word_1_176' title='bbox 1129 2284 1214 2331; x_wconf 92' lang='lat' dir='ltr'>Dei</span> <span class='ocrx_word' id='word_1_177' title='bbox 1252 2301 1358 2342; x_wconf 86' lang='lat' dir='ltr'>rex,</span> <span class='ocrx_word' id='word_1_178' title='bbox 1390 2283 1616 2331; x_wconf 86' lang='lat' dir='ltr'>Conrado</span> <span class='ocrx_word' id='word_1_179' title='bbox 1647 2283 1665 2308; x_wconf 81' lang='lat'>²</span> <span class='ocrx_word' id='word_1_180' title='bbox 1703 2284 1806 2332; x_wconf 71' lang='lat' dir='ltr'>Ale-</span> 
     </span>
    </p>
   </div>
   <div class='ocr_carea' id='block_1_9' title="bbox 368 2362 1805 2664">
    <p class='ocr_par' dir='ltr' id='par_1_9' title="bbox 368 2362 1805 2664">
     <span class='ocr_line' id='line_1_25' title="bbox 369 2362 1805 2426; baseline 0.003 -19"><span class='ocrx_word' id='word_1_181' title='bbox 369 2384 392 2408; x_wconf 87' lang='lat'>«</span> <span class='ocrx_word' id='word_1_182' title='bbox 423 2378 714 2411; x_wconf 89' lang='lat' dir='ltr'>mannorum</span> <span class='ocrx_word' id='word_1_183' title='bbox 730 2362 827 2426; x_wconf 87' lang='lat' dir='ltr'>regi</span> <span class='ocrx_word' id='word_1_184' title='bbox 851 2362 1079 2426; x_wconf 90' lang='lat' dir='ltr'>quicquid</span> <span class='ocrx_word' id='word_1_185' title='bbox 1103 2362 1208 2409; x_wconf 92' lang='lat' dir='ltr'>sibi.</span> <span class='ocrx_word' id='word_1_186' title='bbox 1240 2363 1515 2410; x_wconf 85' lang='lat' dir='ltr'>Amiciciam</span> <span class='ocrx_word' id='word_1_187' title='bbox 1530 2363 1655 2411; x_wconf 89' lang='lat' dir='ltr'>inter</span> <span class='ocrx_word' id='word_1_188' title='bbox 1671 2370 1805 2411; x_wconf 85' lang='lat' dir='ltr'>no&#39;sa</span> 
     </span>
     <span class='ocr_line' id='line_1_26' title="bbox 369 2440 1804 2506; baseline 0.001 -19"><span class='ocrx_word' id='word_1_189' title='bbox 369 2463 391 2487; x_wconf 74' lang='grc' dir='ltr'>α</span> <span class='ocrx_word' id='word_1_190' title='bbox 422 2440 576 2489; x_wconf 90' lang='lat' dir='ltr'>multo</span> <span class='ocrx_word' id='word_1_191' title='bbox 591 2451 809 2506; x_wconf 86' lang='lat' dir='ltr'>tempore</span> <span class='ocrx_word' id='word_1_192' title='bbox 824 2441 1148 2500; x_wconf 87' lang='lat' dir='ltr'>constitutam,</span> <span class='ocrx_word' id='word_1_193' title='bbox 1168 2440 1504 2488; x_wconf 87' lang='lat' dir='ltr'>inviolabiliter</span> <span class='ocrx_word' id='word_1_194' title='bbox 1521 2456 1804 2489; x_wconf 80' lang='lat' dir='ltr'>conservare</span> 
     </span>
     <span class='ocr_line' id='line_1_27' title="bbox 370 2518 1805 2586; baseline 0 -20"><span class='ocrx_word' id='word_1_195' title='bbox 370 2542 394 2566; x_wconf 89' lang='lat'>«</span> <span class='ocrx_word' id='word_1_196' title='bbox 423 2536 612 2586; x_wconf 87' lang='lat' dir='ltr'>semper</span> <span class='ocrx_word' id='word_1_197' title='bbox 636 2518 753 2567; x_wconf 92' lang='lat' dir='ltr'>mihi</span> <span class='ocrx_word' id='word_1_198' title='bbox 781 2529 966 2584; x_wconf 88' lang='lat' dir='ltr'>gratum</span> <span class='ocrx_word' id='word_1_199' title='bbox 997 2518 1105 2566; x_wconf 79' lang='lat' dir='ltr'>suit..</span> <span class='ocrx_word' id='word_1_200' title='bbox 1129 2518 1275 2582; x_wconf 89' lang='lat' dir='ltr'>Cujus</span> <span class='ocrx_word' id='word_1_201' title='bbox 1309 2518 1490 2566; x_wconf 84' lang='lat' dir='ltr'>fructus</span> <span class='ocrx_word' id='word_1_202' title='bbox 1522 2535 1636 2567; x_wconf 90' lang='lat' dir='ltr'>cum</span> <span class='ocrx_word' id='word_1_203' title='bbox 1661 2534 1692 2566; x_wconf 79' lang='lat' dir='ltr'>a</span> <span class='ocrx_word' id='word_1_204' title='bbox 1724 2534 1805 2566; x_wconf 91' lang='lat' dir='ltr'>me</span> 
     </span>
     <span class='ocr_line' id='line_1_28' title="bbox 368 2596 1803 2664; baseline 0.001 -21"><span class='ocrx_word' id='word_1_205' title='bbox 368 2619 392 2643; x_wconf 88' lang='lat'>«</span> <span class='ocrx_word' id='word_1_206' title='bbox 423 2597 668 2664; x_wconf 86' lang='lat' dir='ltr'>multiplex</span> <span class='ocrx_word' id='word_1_207' title='bbox 688 2598 814 2646; x_wconf 86' lang='lat' dir='ltr'>exire</span> <span class='ocrx_word' id='word_1_208' title='bbox 833 2597 1003 2658; x_wconf 84' lang='lat' dir='ltr'>valeat,</span> <span class='ocrx_word' id='word_1_209' title='bbox 1033 2597 1146 2645; x_wconf 90' lang='lat' dir='ltr'>utile</span> <span class='ocrx_word' id='word_1_210' title='bbox 1171 2597 1285 2645; x_wconf 87' lang='lat' dir='ltr'>duxi</span> <span class='ocrx_word' id='word_1_211' title='bbox 1310 2597 1543 2663; x_wconf 85' lang='lat' dir='ltr'>quiddam</span> <span class='ocrx_word' id='word_1_212' title='bbox 1568 2596 1705 2645; x_wconf 78' lang='lat' dir='ltr'>vobis</span> <span class='ocrx_word' id='word_1_213' title='bbox 1729 2597 1803 2644; x_wconf 89' lang='lat' dir='ltr'>in·</span> 
     </span>
    </p>
   </div>
   <div class='ocr_carea' id='block_1_10' title="bbox 412 2749 1416 2838">
    <p class='ocr_par' dir='ltr' id='par_1_10' title="bbox 412 2749 1416 2838">
     <span class='ocr_line' id='line_1_29' title="bbox 415 2749 1416 2796; baseline 0 -13"><span class='ocrx_word' id='word_1_214' title='bbox 415 2750 426 2769; x_wconf 65' lang='lat'><strong><em>³</em></strong></span> <span class='ocrx_word' id='word_1_215' title='bbox 455 2761 544 2783; x_wconf 87' lang='lat' dir='ltr'>cunc</span> <span class='ocrx_word' id='word_1_216' title='bbox 557 2775 567 2791; x_wconf 83' lang='lat'>,</span> <span class='ocrx_word' id='word_1_217' title='bbox 585 2749 650 2783; x_wconf 84' lang='lat' dir='ltr'>bus</span> <span class='ocrx_word' id='word_1_218' title='bbox 664 2775 673 2791; x_wconf 88' lang='lat'>‚</span> <span class='ocrx_word' id='word_1_219' title='bbox 692 2749 746 2795; x_wconf 85' lang='lat' dir='ltr'>gla</span> <span class='ocrx_word' id='word_1_220' title='bbox 762 2775 771 2790; x_wconf 94' lang='lat'>,</span> <span class='ocrx_word' id='word_1_221' title='bbox 791 2750 824 2783; x_wconf 86' lang='lat' dir='ltr'>in</span> <span class='ocrx_word' id='word_1_222' title='bbox 847 2759 945 2796; x_wconf 85' lang='lat' dir='ltr'>post,</span> <span class='ocrx_word' id='word_1_223' title='bbox 964 2763 983 2783; x_wconf 85' lang='lat' dir='ltr'>e</span> <span class='ocrx_word' id='word_1_224' title='bbox 1000 2762 1079 2796; x_wconf 87' lang='lat' dir='ltr'>por,</span> <span class='ocrx_word' id='word_1_225' title='bbox 1098 2750 1203 2784; x_wconf 83' lang='lat' dir='ltr'>icaret</span> <span class='ocrx_word' id='word_1_226' title='bbox 1222 2763 1261 2783; x_wconf 75' lang='lat' dir='ltr'>ex</span> <span class='ocrx_word' id='word_1_227' title='bbox 1280 2751 1416 2795; x_wconf 80' lang='lat' dir='ltr'>conjece.</span> 
     </span>
     <span class='ocr_line' id='line_1_30' title="bbox 412 2802 764 2838; baseline -0.003 -1"><span class='ocrx_word' id='word_1_228' title='bbox 412 2804 427 2824; x_wconf 78' lang='lat'>²</span> <span class='ocrx_word' id='word_1_229' title='bbox 452 2802 635 2838; x_wconf 69' lang='lat' dir='ltr'>contundo</span> <span class='ocrx_word' id='word_1_230' title='bbox 650 2802 764 2837; x_wconf 61' lang='lat' dir='ltr'>codex.</span> 
     </span>
    </p>
   </div>
  </div>
 </body>
</html>
