1872 3372
324 271 408 311 216
812 270 1035 312 RICIIERI
1068 273 1167 315 LIB.
1201 272 1274 314 lv,

323 359 533 425 arripere
572 359 800 425 disposui.
831 362 1078 426 Digressus
1117 373 1303 423 autem,
1333 362 1394 411 ab
1417 362 1621 413 abbate‘
1654 381 1764 415 meo

323 437 466 485 unius
514 448 700 494 tantum
748 441 999 505 parvaredi
1047 442 1270 491 solatium
1311 444 1489 509 accepi.
1550 446 1767 494 Numinis

319 516 491 576 etiam,
537 518 803 565 mutatoriis
823 554 836 578 ,
880 520 1145 585 ceterisque
1173 520 1191 545 ²
1236 521 1511 570 necessariis
1554 537 1731 572 vacuus
1747 557 1761 582 ,

321 593 575 642 Orbatium
625 597 851 660 perveni,
894 596 1056 645 locum
1100 598 1249 647 multa
1296 600 1488 647 caritate
1529 600 1762 651 inclitum.

320 672 486 738 Ibique
519 673 687 720 domni
714 673 897 722 abbatis
926 678 985 722 D.
1016 675 1259 742 colloquio
1296 686 1563 739 recreatus,
1602 679 1767 728 simul·

321 751 415 816 que
434 761 481 798 et
498 751 823 801 munificentia
841 763 1156 814 sustentatuS‚
1185 755 1234 803 in
1261 756 1468 804 crastino
1494 756 1582 804 iter
1616 774 1767 823 usque

321 830 516 877 Meldim
541 831 868 895 peragendum
893 833 1090 898 arripui.
1126 836 1369 899 Ingressus
1383 851 1500 882 vero
1515 851 1627 883 cum
1645 835 1767 884 duo-

322 907 412 955 bus
437 908 694 957 comitibus
719 910 939 958 lucorum
964 911 1230 973 anfractus,
1266 929 1364 960 non
1390 911 1584 962 defuere
1617 914 1766 963 infor-

323 987 442 1034 tunii
486 1003 639 1034 casus.
694 991 814 1036 Nam
869 988 1139 1038 fallentibus
1183 990 1321 1038 biviis
1337 1027 1350 1051 ‚
1396 1007 1478 1038 sex
1517 990 1767 1058 leugarum

322 1065 649 1130 superfluitate
701 1066 1090 1115 exorbitavimus.
1142 1070 1435 1118 Transmisso
1486 1086 1603 1120 vero
1646 1074 1766 1120 Teo·

322 1143 475 1190 dorici
497 1144 690 1192 castello
704 1181 716 1205 ,
740 1145 1030 1210 parvaredus
1048 1157 1159 1195 ante
1178 1149 1305 1196 visus
1323 1149 1636 1217 Bucephalus,
1665 1150 1768 1199 fleri

324 1222 467 1287 coepit
490 1222 636 1269 asello
663 1223 994 1271 tardiusculus.
1026 1227 1130 1272 Jam
1155 1225 1226 1272 sol
1254 1242 1282 1273 a
1306 1227 1630 1276 mesembrino
1663 1226 1767 1275 dis-
1794 1263 1800 1268 -

322 1310 526 1347 cesserat
542 1337 554 1359 ‚
578 1310 777 1365 totoque
795 1318 903 1348 aere
922 1301 970 1348 in
991 1302 1175 1368 pluvias
1195 1303 1428 1354 dissoluto
1441 1343 1454 1367 ‚
1474 1307 1524 1355 in
1540 1321 1765 1355 occasum

323 1378 569 1443 vergebat,
599 1396 708 1426 cum
737 1379 867 1427 fortis
902 1379 980 1427 ille
1008 1381 1304 1447 Bucephalus
1339 1400 1567 1450 supremo
1601 1381 1768 1431 labore

324 1457 501 1517 victus,
532 1458 656 1505 inter
681 1457 862 1505 femora
881 1458 1130 1507 insidentis
1154 1461 1290 1525 pueri
1316 1461 1543 1510 deficiens
1563 1461 1761 1521 corruit,

324 1545 372 1582 et
395 1535 526 1583 velut
549 1535 732 1599 fulgure
752 1537 973 1600 trajectus
988 1573 1001 1597 ‚
1031 1548 1163 1586 sexto
1183 1538 1200 1563 ⁸
1230 1539 1434 1589 miliario
1458 1539 1521 1588 ab
1544 1539 1664 1588 urbe
1686 1555 1766 1588 ex·

325 1614 535 1679 spiravit.
560 1617 748 1672 Quanta
769 1625 882 1662 tunc
900 1615 985 1663 fuit
1003 1615 1316 1682 perturbatio,
1338 1628 1517 1683 quanta
1533 1618 1763 1678 anxietaS,

325 1692 393 1739 illi
434 1693 732 1758 perpendere
772 1693 956 1755 valent,
1000 1695 1085 1759 qui
1123 1712 1259 1743 casus
1300 1697 1475 1745 similes
1507 1696 1767 1762 aliquando

325 1771 537 1836 perpessi
571 1781 705 1831 sunt,
743 1781 790 1819 et
823 1789 881 1819 ex
906 1772 1136 1821 similibus
1169 1775 1340 1823 similia
1365 1775 1607 1840 colligant.
1643 1778 1767 1824 Puer

325 1849 600 1915 inexpertus
624 1851 743 1898 tanti
762 1850 942 1898 itineris
958 1850 1285 1900 difficultatem
1300 1889 1314 1913 ,
1344 1853 1492 1902 fessus
1520 1863 1624 1902 toto
1659 1870 1767 1901 cor-

324 1944 444 1993 pore
469 1945 595 1993 equo
619 1929 793 1977 amisso
819 1929 1022 1993 jacebat.
1064 1932 1414 1996 Impedimenta
1444 1933 1547 1981 sine
1574 1942 1767 1981 vectore

354 2005 539 2054 derant.
575 2006 756 2055 Imbres
780 2008 928 2056 nimia
958 2009 1196 2058 infusione
1220 2010 1438 2059 ruebant.
1468 2010 1654 2059 Coelum
1677 2027 1768 2059 nu-

323 2083 421 2132 bila
438 2085 778 2150 praetendebat.
802 2086 901 2147 Sol,
919 2087 1019 2151 jam
1039 2089 1086 2135 in
1115 2105 1312 2150 occasu,
1341 2089 1613 2138 minabatur
1636 2098 1767 2139 tene-

325 2161 452 2210 bras.
482 2165 610 2218 lnter
626 2163 728 2211 haec
743 2165 929 2226 omnia,
958 2165 1195 2214 dubitanti
1219 2166 1473 2214 consilium
1496 2183 1525 2215 a
1540 2170 1644 2215 Deo
1661 2183 1763 2215 non

326 2239 491 2288 defuit.
523 2243 730 2289 Puerum
749 2259 959 2308 namque
976 2261 1089 2291 cum
1107 2245 1461 2311 impedimentis
1482 2245 1548 2293 ibi
1565 2245 1761 2312 reliqui3

326 2317 600 2384 dictatoque
635 2320 678 2366 ei
714 2320 830 2386 quid
866 2321 1181 2387 interrogatus
1217 2340 1244 2370 a
1286 2323 1641 2372 transeuntibus
1668 2340 1766 2373 res-

325 2397 578 2463 ponderet,
598 2408 645 2446 et
658 2408 711 2446 ut
733 2416 905 2448 somno
923 2401 1193 2449 imminenti
1210 2402 1464 2463 resisteret,
1484 2400 1588 2450 solo
1606 2402 1767 2468 equite

327 2476 589 2523 Carnotino
624 2477 881 2525 comitatus
895 2515 907 2539 ‚
935 2478 1131 2527 Meldim
1161 2482 1376 2546 perveni.
1418 2484 1622 2530 Pontem
1644 2497 1765 2547 quo-

326 2570 421 2618 que
444 2554 523 2600 vix
545 2553 607 2601 de
631 2553 737 2603 luce
754 2556 922 2604 videns
937 2594 949 2618 ‚
982 2558 1238 2623 ingredior.
1269 2562 1329 2607 Et
1350 2559 1467 2608 dum
1494 2559 1765 2625 diligentius

373 2689 383 2707 ¹
411 2677 445 2723 Ξ-
466 2677 516 2722 ff.
535 2688 650 2735 οοτζετ.

370 2744 385 2764 ²
409 2742 612 2790 oeten-iisque
642 2744 759 2779 codes.

371 2799 386 2819 ³
410 2799 513 2834 tertio
531 2812 614 2835 corr.
633 2801 725 2835 V1‘0.
