1872 3372
383 262 459 345 1⁶96
857 304 1078 347 mcnssm
1109 304 1207 347 Lm.
1242 306 1313 347 lv.

379 373 520 444 niba}
543 395 764 462 spondet.
787 398 1004 444 Castrum
1025 412 1139 462 ergo
1164 412 1192 444 a
1209 412 1318 463 rege
1334 413 1614 448 eoncessum
1632 398 1813 468 absque

377 490 512 524 mora
530 474 669 541 petit,
695 483 955 523 castrenses
985 472 1071 522 sibi
1097 476 1375 524 sacramenti
1402 477 1510 542 jure
1526 486 1808 541 annectens,

374 556 536 622 eisque
555 556 672 603 alios
696 555 878 621 aliquot
896 571 1103 621 quorum
1128 553 1240 604 fidei
1256 557 1469 623 vigorem
1489 558 1668 608 sciebat
1684 575 1813 610 asso-

373 634 519 692 tians,
564 634 689 698 regia
729 634 917 699 negotia
959 633 1131 681 exinde
1166 634 1340 685 utiliter
1382 647 1611 704 satagens.
1661 638 1812 704 CuJus

372 724 531 762 tamen
555 712 812 760 voluntatis
842 712 1035 761 effectus
1054 711 1213 762 nullus
1237 713 1345 775 fuit,
1367 732 1426 764 eo
1445 717 1579 783 quod
1603 726 1808 784 tempes-

372 792 496 839 tiva⁴
537 791 667 839 urbis
696 791 906 858 proditio
938 801 1139 853 vetaret,
1171 803 1218 841 et
1247 810 1382 843 casus
1410 795 1643 862 repentini
1674 795 1811 845 aliter

372 870 473 918 fieri
491 880 758 934 arguerent.

527 1246 623 1280 XLI.
637 1266 685 1273 —
696 1245 867 1281 Subtilis*
884 1246 1098 1281 machinatio
1110 1247 1129 1269 ³*
1146 1246 1183 1282 in
1199 1247 1374 1283 namnum
1391 1256 1424 1283 et
1447 1248 1647 1285 Amulsun.

431 1361 501 1409 Ab
519 1361 613 1409 hoc
633 1372 848 1427 tempore
868 1361 1102 1411 Adalbero
1124 1362 1515 1412 Laudunensium
1531 1364 1802 1431 episeopus,

367 1440 449 1505 qui
492 1450 602 1487 ante
635 1457 663 1487 a
695 1439 870 1487 Karolo
922 1450 1088 1505 captus
1132 1440 1402 1504 aufugerat,
1439 1443 1573 1490 omni
1613 1443 1805 1509 ingenio

368 1518 740 1584 oportunitatem
765 1517 1024 1582 quaerebat,
1056 1534 1151 1583 qua
1175 1535 1311 1566 versa
1327 1519 1430 1567 vice
1449 1530 1497 1568 et
1519 1520 1805 1570 Laudunum

367 1606 579 1662 caperet,
608 1606 654 1643 et
688 1596 916 1644 Karolum
947 1596 1391 1663 comprehenderet.
1420 1601 1618 1664 Legatos
1646 1600 1806 1667 itaque

366 1674 644 1739 hujusmodi
681 1674 859 1739 negotii
898 1673 1297 1736 officiosissimos,
1327 1675 1523 1724 Amulfo
1562 1675 1802 1744 dirigens,

367 1753 647 1813 amicitiam,
677 1752 847 1813 fidem,
890 1754 1215 1819 suppetiarum
1251 1753 1459 1802 subsidia
1494 1755 1707 1805 mandat.
1748 1758 1805 1806 Ei

367 1847 576 1896 quoque,
605 1840 771 1897 utpote
797 1847 883 1878 suo
908 1831 1300 1897 metropolitano,
1329 1849 1431 1880 sese
1454 1831 1576 1881 velle
1593 1834 1805 1883 reconci-

366 1908 484 1955 liari.
511 1907 609 1955 Sibi
633 1908 775 1955 etiam
794 1908 975 1972 injuriae
993 1925 1093 1956 esse
1116 1908 1249 1974 quod
1270 1909 1508 1975 transfuga
1525 1919 1574 1958 et
1587 1909 1805 1960 desertor

366 1985 620 2045 diceretur,
653 2002 711 2033 eo
739 1986 873 2051 quod
904 1985 1081 2034 Karolo
1100 1996 1210 2053 post
1233 1986 1379 2035 fidem
1401 1987 1571 2035 factam
1594 2003 1695 2036 non
1717 1985 1804 2036 ob-

365 2073 555 2111 secutus
581 2064 654 2111 sit.
680 2067 737 2110 Et
769 2064 807 2111 si
834 2081 1037 2111 vacuum
1061 2064 1149 2112 sibi
1181 2075 1330 2126 esset,
1359 2082 1387 2113 a
1411 2083 1462 2114 se
1487 2065 1536 2114 id
1553 2064 1804 2115 dedecoris

364 2142 486 2190 velle
526 2142 744 2207 abjicere.
770 2143 841 2190 Ad
866 2143 967 2207 ejus
1007 2143 1338 2193 celsitudinem
1377 2144 1534 2192 redire
1564 2144 1718 2205 velle,
1754 2154 1803 2194 et

364 2221 526 2269 Karoli
551 2221 805 2269 amicitiam
829 2231 995 2287 utpote
1024 2221 1210 2269 domini
1241 2239 1342 2270 sese
1367 2233 1550 2288 optare.
1589 2222 1729 2271 Unde
1752 2233 1802 2272 et

363 2299 453 2347 sibi
470 2317 778 2365 quocumque
799 2299 986 2348 libitum
1012 2301 1135 2348 foret
1158 2300 1511 2348 occurrendum
1530 2300 1795 2351 mandaret.

364 2377 583 2426 Amulfus
618 2378 886 2426 simulatam
917 2378 1062 2427 fidem
1095 2379 1310 2426 nesciens
1328 2414 1341 2437 ,
1377 2379 1555 2444 legatos
1587 2379 1802 2429 fallentes

361 2457 558 2523 excipit3
590 2467 639 2504 et
662 2466 831 2522 utpote
857 2456 972 2503 boni
1002 2456 1201 2522 alicujus
1231 2458 1428 2506 nuntios
1458 2457 1800 2526 humanissime

357 2535 582 2583 honorat.
610 2538 700 2583 Per
723 2534 814 2582 hos
843 2536 1001 2600 itaque
1025 2535 1186 2586 locum
1214 2553 1312 2601 quo
1345 2537 1588 2584 occursuri
1624 2547 1672 2586 et
1709 2536 1799 2586 sibi

359 2614 641 2663 collocuturi
667 2614 849 2674 forent,
882 2614 1167 2663 letabundus
1198 2615 1428 2681 designat.
1468 2615 1539 2663 llli
1573 2633 1625 2664 se
1661 2615 1799 2665 dece-

402 2764 423 2784 *
447 2763 521 2798 Sub
535 2789 546 2806 ,
564 2775 621 2798 ma
636 2763 775 2798 abscIsa.

405 2821 414 2840 ⁸
439 2819 680 2866 intempestiva
699 2832 782 2853 corr.
805 2819 1019 2866 tempestiva.
