1872 3372
348 227 428 269 184
837 227 1059 268 menam
1090 227 1189 268 Lm.
1222 228 1294 267 lv.

346 316 467 363 inter
490 314 852 376 celebrandum,
887 314 1189 364 eukaristiam
1215 315 1412 382 optulit,
1448 325 1495 363 et
1519 314 1598 364 ille
1614 332 1788 366 conse-

344 403 547 459 quenter
573 394 799 460 sumpsit,
821 404 964 459 atque
982 393 1045 442 ad
1057 393 1285 458 juditium
1316 393 1405 443 sibi
1438 393 1542 442 fieri
1571 395 1779 462 optavit,

342 474 381 521 si
400 471 498 521 ullo
517 471 666 520 modo
690 471 801 520 fidei
824 472 1027 520 violator
1045 474 1278 521 existeret.
1308 472 1452 533 Quod
1472 472 1666 522 tandem
1683 475 1786 540 regi

342 562 389 599 et
413 551 692 617 primatibus
716 551 862 599 fidem
888 551 1011 599 fecit.

711 697 849 734 xxxi.
867 718 915 725 -
934 698 1170 746 Reprehensio
1182 699 1202 721 ⁵
1221 698 1267 734 de
1286 699 1425 735 eodem.

410 808 660 857 Nonnullis
700 819 861 858 tamen
905 826 1114 875 quorum
1167 827 1303 859 mens
1346 811 1591 878 purgatior
1645 821 1748 860 erat
1768 849 1783 872 ,

345 887 578 935 nefarium
602 898 650 936 et
671 898 840 936 contra
866 888 977 936 fidei
995 888 1075 953 jus
1094 888 1145 937 id
1169 889 1404 938 creditum
1423 899 1507 938 est.
1538 889 1789 955 Ejusmodi

346 964 475 1011 enim
499 975 679 1013 naturae
703 965 951 1013 hominem
972 982 1073 1014 esse
1099 965 1314 1027 aiebant,
1340 976 1391 1014 ut
1418 965 1552 1014 facile
1573 983 1661 1034 per
1683 983 1789 1016 sese

342 1053 680 1109 corrumpatur
720 1043 770 1090 in
813 1060 864 1091 se
883 1079 896 1103 ,
933 1043 1137 1110 amplius
1170 1062 1287 1092 vero
1327 1044 1675 1111 inpulsionibus
1724 1045 1789 1094 ad

345 1121 575 1187 flagitium
608 1122 899 1169 extrinsecus
922 1139 1063 1189 posse
1095 1122 1322 1188 pertrahi.
1362 1122 1644 1172 Asserebant
1663 1140 1788 1190 quo·

345 1217 440 1266 que
469 1217 527 1248 ex
554 1200 757 1248 decretis
779 1211 971 1266 patrum
1001 1211 1048 1249 et
1073 1201 1084 1226 ⁶
1120 1218 1363 1249 canonum
1389 1202 1599 1269 scriptis,
1628 1218 1788 1269 neque
1823 1239 1828 1244 -

344 1275 547 1323 invitum
576 1274 639 1322 ad
667 1275 966 1324 eucaristiam
994 1275 1341 1342 impellendum
1359 1313 1372 1337 ,
1405 1293 1562 1342 neque
1585 1276 1791 1325 eucaris-

346 1353 461 1400 tiam
483 1352 765 1419 perditionis
788 1370 929 1402 causa
961 1354 1185 1419 cuiquam
1209 1354 1532 1416 offerendam,
1569 1371 1683 1404 cum
1714 1371 1789 1404 re—

347 1430 638 1497 demptionis
661 1434 808 1498 gratia
831 1443 877 1481 et
901 1433 1174 1500 petentibus
1205 1434 1525 1495 offerendam,
1553 1444 1602 1484 et
1631 1434 1797 1484 invitis

349 1510 619 1576 negandam
662 1511 960 1560 credendum
998 1513 1083 1574 sit;
1123 1512 1374 1578 indignum
1420 1513 1563 1561 etiam
1603 1512 1785 1574 videri,

347 1606 525 1655 panem
548 1590 830 1656 angelorum
855 1602 901 1639 et
925 1591 1197 1652 hominum,
1224 1601 1402 1641 temere
1427 1591 1633 1657 indignis
1655 1590 1786 1652 dari,

349 1684 462 1715 cum
493 1669 595 1734 ipsa
629 1670 860 1718 Divinitas
896 1679 943 1718 et
966 1669 1227 1719 inmundos
1255 1669 1538 1731 abhorreat,
1568 1679 1617 1718 et
1641 1686 1794 1737 puros

350 1747 473 1795 mira
519 1749 745 1813 parcitate
794 1748 950 1797 foveat
967 1786 981 1809 ,
1026 1750 1163 1814 juxta
1212 1750 1347 1815 quod
1397 1749 1629 1815 scriptum
1682 1759 1753 1798 est
1772 1769 1790 1800 ε

354 1844 379 1871 «
408 1826 608 1891 Spiritus
631 1836 820 1876 sanctus
842 1827 1100 1894 disciplinae
1117 1828 1307 1894 effugiet
1323 1827 1513 1888 fictum,
1542 1837 1589 1876 et
1612 1827 1791 1877 auferet

355 1923 379 1948 α
408 1920 458 1951 se
482 1920 510 1951 a
542 1905 904 1969 cogitationibus
928 1923 1033 1971 quae
1061 1917 1170 1955 sunt
1201 1908 1303 1955 sine
1326 1906 1584 1967 intellectu,
1614 1916 1662 1955 et
1682 1923 1791 1955 cor—

356 2001 380 2027 «
409 1983 608 2049 ripietur
644 2000 673 2031 a
702 1985 1065 2050 superveniente
1100 1985 1363 2051 iniquitate.
1390 2004 1414 2030 »
1448 1984 1520 2032 Ab
1555 1984 1794 2051 episcopis

354 2077 466 2126 ergo
492 2063 750 2110 Remorum
782 2062 1028 2112 dioceseos
1051 2064 1297 2112 ordinatus
1327 2063 1548 2111 Arnulsus
1571 2073 1619 2112 et
1641 2078 1793 2111 sacer·

353 2137 591 2187 dotalibus
627 2139 786 2188 infulis
831 2139 1057 2189 decenter
1090 2142 1338 2207 insignitus
1376 2151 1461 2189 est.
1502 2143 1600 2188 Nec
1638 2139 1792 2188 multo

352 2227 479 2285 post,
509 2234 537 2266 a
558 2235 685 2284 papa
717 2221 933 2268 Romano
962 2221 1160 2271 missum
1194 2219 1466 2290 apostolicae
1500 2218 1795 2270 auctoritatis

352 2295 551 2364 pallium
573 2298 791 2364 sumpsit.

400 2479 420 2502 ‘V
443 2478 473 2512 R
490 2478 607 2512 abscis.

402 2540 414 2560 ³
439 2545 475 2573 et
489 2546 524 2573 et
538 2537 656 2573 codex.
