1872 3372
389 249 467 288 160
873 246 1092 287 ulcuEm
1125 244 1226 289 Lm.
1258 246 1330 287 IV.

380 352 482 384 non
519 345 646 384 recte
687 351 827 400 posse
866 336 1051 384 creari·
1098 334 1222 384 duos
1245 352 1376 401 reges
1399 335 1447 383 in
1486 333 1661 385 eodem
1690 351 1821 387 anno

382 413 724 480 responderet,
755 413 831 460 ille
862 430 973 460 mox
994 412 1245 479 epistolam
1267 430 1295 462 a
1318 413 1442 462 duce
1469 413 1701 462 citerioris
1719 416 1824 464 flis-

382 491 534 556 paniae
555 490 764 537 Borrello
786 491 977 536 missam
1002 489 1221 555 protulit,
1246 507 1351 555 quae
1378 491 1551 539 ducem
1581 498 1824 557 petentem

384 569 601 633 suffragia
626 578 793 614 contra
823 567 1051 615 barbaros
1078 566 1332 616 indicabat.
1356 571 1460 616 Jam
1491 568 1636 634 etiarn
1660 569 1826 636 Hispa-

386 647 473 694 niae
503 657 688 712 partem
722 645 940 693 hostibus
977 662 1101 711 pene
1134 657 1452 712 expugnatam
1485 644 1751 706 asserebat,
1780 657 1828 695 et

386 726 475 772 nisi
502 727 623 772 iutra
644 741 833 772 menses
864 724 1032 771 decem
1060 723 1222 791 copias
1245 742 1275 773 a
1297 724 1443 773 Gallis
1467 725 1695 791 accipiat,
1720 723 1829 773 bar-

386 804 510 851 baris
531 813 679 851 totam
710 803 759 850 in
785 802 1081 850 deditionem
1107 803 1426 852 transituram.
1457 802 1652 852 Petebat
1669 802 1830 869 itaque

384 882 586 929 alterum
614 898 773 946 regem
797 881 973 941 creari,
1002 889 1055 928 ut
1077 881 1117 928 si
1152 880 1324 929 bellico
1349 880 1556 931 tumultu
1575 880 1594 907 ³
1618 881 1830 930 duorum

386 961 505 1008 alter
540 960 809 1020 decideret,
850 960 911 1007 de
946 959 1161 1026 principe
1194 976 1294 1007 non
1319 958 1558 1008 diffideret
1577 959 1826 1008 exercitus.

386 1041 505 1087 Fieri
547 1056 743 1104 quoque
790 1038 1029 1086 asserebat
1060 1055 1230 1103 posse,
1278 1055 1387 1103 rege
1427 1039 1740 1106 interempto,
1785 1048 1833 1086 et

387 1118 538 1183 patria
562 1117 774 1165 desolata
791 1154 803 1176 ,
826 1118 1087 1183 primatum
1104 1116 1392 1165 discordiam
1406 1153 1419 1178 ,
1441 1133 1702 1184 pravorum
1717 1131 1834 1165 oon-

387 1207 458 1244 tra
483 1196 639 1244 bonos
674 1195 992 1256 tirannidem,
1037 1205 1085 1243 et
1120 1195 1233 1244 inde
1266 1196 1411 1243 totius
1444 1196 1597 1261 gentis
1632 1194 1832 1264 captivi-

389 1286 549 1323 tatem.

710 1349 818 1382 XIII.
839 1368 887 1375 —
904 1349 1085 1384 Promotio
1107 1348 1267 1384 notberti
1285 1349 1323 1383 in
1341 1360 1503 1397 regnum.

455 1433 850 1499 Metropolitanus
868 1435 935 1481 sic
953 1451 1094 1500 posse
1114 1433 1214 1481 fieri
1235 1434 1519 1499 intelligens,
1541 1432 1679 1482 dictis
1696 1433 1835 1499 regiis

390 1513 544 1560 cessit.
595 1515 651 1559 Et
687 1513 799 1577 quia
840 1523 953 1559 tunc
987 1513 1035 1560 in
1073 1513 1316 1560 nativitate
1351 1512 1549 1560 Domini
1575 1528 1835 1578 regnorum

391 1591 628 1657 principes
652 1601 975 1638 convenerant
1000 1590 1061 1638 ad
1086 1590 1428 1639 celebrandum
1461 1591 1600 1656 regiae
1631 1605 1835 1640 conona-

392 1670 534 1716 tionis
556 1669 821 1729 honorem,
868 1670 915 1716 in
948 1669 1140 1718 basilica
1164 1680 1336 1718 sanctae
1361 1670 1525 1718 Crucis
1548 1669 1651 1734 ejus
1685 1667 1837 1717 filium

393 1747 673 1795 Rotbertum
707 1749 901 1795 Francis
936 1748 1242 1796 laudantibus
1280 1758 1475 1816 accepta
1504 1764 1719 1816 purpura
1741 1747 1836 1797 sol-

393 1826 645 1892 lempniter
669 1827 943 1886 coronavit,
967 1837 1013 1874 et
1031 1844 1059 1874 a
1082 1830 1215 1875 Mosa
1239 1828 1386 1875 fluvio
1411 1844 1564 1893 usque
1589 1830 1839 1877 Oceanum

392 1905 769 1952 occidentalibus
793 1923 954 1970 regem
989 1906 1197 1972 praefecit
1233 1917 1279 1954 et
1312 1907 1580 1968 ordinavit3
1607 1915 1740 1954 tanta
1766 1905 1838 1953 in-

394 1983 575 2031 dustria
592 1995 735 2048 atque
759 1983 967 2032 sollertia
996 1985 1204 2047 clarum,
1232 1996 1285 2033 ut
1311 1996 1358 2034 et
1382 1986 1431 2032 in
1456 1985 1599 2034 rebus
1627 1983 1839 2032 militari-

394 2061 484 2108 bus
508 2061 824 2127 praecelleret‚
855 2072 903 2109 et
932 2063 1106 2111 divinis
1139 2080 1194 2111 ac
1224 2063 1469 2112 canonicis
1500 2063 1723 2111 institutis
1746 2061 1839 2110 cla·

393 2141 604 2187 riss'imus
641 2140 922 2203 haberetur3
960 2142 1235 2190 liberalibus
1270 2142 1436 2190 studiis
1478 2141 1775 2190 incomberet
1796 2141 1835 2202 ¹,

395 2220 733 2285 episcoporum
759 2221 901 2268 etiam
930 2222 1111 2270 sinodis
1136 2223 1406 2281 interesset,
1436 2230 1483 2269 et
1500 2238 1613 2268 cum
1636 2221 1704 2274 eis
1726 2237 1838 2269 cau-

393 2315 470 2346 sas
487 2298 835 2347 aecclesiasticas
863 2300 1118 2350 discuteret
1141 2318 1197 2349 ac
1221 2301 1573 2349 determinaret.

610 2409 711 2443 XIV.
731 2430 779 2436 —
795 2387 1151 2456 Conquestide-oli
1171 2398 1269 2459 apud
1284 2412 1416 2447 amicos
1432 2411 1477 2448 de
1491 2423 1616 2459 regno.

463 2496 646 2540 Interea
670 2494 869 2542 Karolus
893 2495 1022 2561 apud
1048 2497 1227 2543 amicos
1261 2507 1308 2543 et
1331 2506 1561 2561 cognatos
1585 2503 1721 2543 motu
1739 2509 1841 2559 gra-

398 2572 591 2618 vissimo
629 2572 851 2620 movebat
889 2563 1163 2638 querelam,
1198 2585 1340 2640 atque
1375 2576 1424 2622 in
1463 2575 1535 2623 sui
1565 2572 1841 2638 suffugium

448 2685 459 2704 ⁸
483 2683 642 2719 ordinari
661 2698 745 2719 corr.
764 2687 887 2721 creari.

446 2733 461 2752 ⁴²
486 2733 512 2766 si
535 2733 569 2766 in
590 2733 682 2766 bello
700 2734 880 2780 hispanico
899 2733 1020 2768 deleta.
