1872 3372
336 275 417 315 236
825 276 1048 317 Rlcussm
1080 276 1181 317 1218.
1214 276 1289 317 lv.

439 391 536 428 Lxx.
553 411 603 421 —
619 393 787 429 multu·
804 393 826 416 ⁰
845 393 1005 430 libellum
1023 394 1044 417 ⁶
1063 406 1107 429 ex
1123 402 1223 443 parte
1238 395 1401 443 probat·
1419 421 1428 437 ,
1457 403 1491 430 et
1517 407 1560 431 ex
1586 403 1686 444 pane

950 455 1168 504 vitupernt‘.

398 551 509 608 Quo
545 550 764 609 recitatO,
798 566 826 597 a
850 550 1024 598 sinodo
1060 551 1367 616 investigatur
1391 567 1451 598 an
1484 549 1684 616 alicujus
1708 566 1782 600 re-

332 630 662 696 prehensionis
678 642 760 679 aut
778 631 1069 680 defensionis
1084 633 1182 680 vim
1197 632 1375 682 habere
1395 632 1631 682 videatur.
1647 635 1782 682 Tunc

334 709 613 757 venerabilis
633 710 886 776 episcopus
905 710 1141 773 Amulius,
1168 728 1228 760 eo
1246 711 1381 777 quod
1400 710 1615 759 officium
1632 711 1781 761 inter·

331 787 551 851 pretandi
570 788 612 836 ei
633 790 942 837 commissum
962 799 1078 838 erat.
1111 810 1133 835 «
1152 793 1211 838 Et
1230 806 1320 857 pro
1340 807 1408 850 se,
1437 809 1459 835 υ
1480 790 1652 856 inquit,
1676 810 1701 836 «
1721 806 1780 839 ex

335 885 357 909 «
387 875 522 930 parte
540 865 869 915 defensionem
894 868 1132 929 continet,
1165 879 1213 916 et
1232 868 1355 916 vires
1385 885 1441 916 ex
1466 878 1602 935 parte
1621 884 1781 935 repre-

334 965 357 988 «
389 943 676 992 hensoribus
709 945 1061 994 accommodat.
1095 949 1248 994 Causa
1279 962 1490 1011 namque
1513 955 1569 995 ut
1600 945 1782 995 scribe-

334 1042 356 1065 «
387 1032 534 1083 retur,
561 1023 662 1087 ejus
689 1034 857 1071 auctor
875 1024 1097 1072 Arnulfus
1124 1026 1227 1085 fuit,
1254 1025 1336 1090 qui
1361 1041 1475 1072 cum
1490 1023 1781 1074 detestandae

335 1122 354 1143 «
388 1100 659 1167 cupiditatis
681 1102 855 1150 morbo
886 1103 1090 1150 nimium
1118 1102 1386 1162 laboraret,
1427 1102 1523 1167 egit
1544 1101 1680 1168 quod
1702 1119 1780 1151 re-

333 1199 353 1221 «
386 1179 621 1244 prehendi
655 1190 843 1245 potest,
886 1197 999 1228 cum
1030 1181 1217 1245 juratus
1254 1180 1400 1228 fidem
1428 1197 1529 1228 non
1554 1180 1774 1229 servavit.

334 1280 353 1302 «
386 1261 489 1306 Hoc
504 1261 632 1306 enim
644 1259 1001 1325 reprehensioni
1020 1259 1303 1308 succumbit.
1321 1262 1381 1308 Et
1395 1258 1530 1325 quod
1545 1259 1780 1327 sapientes
1794 1261 1800 1267 “

333 1358 354 1380 α
386 1347 434 1385 et
456 1336 575 1384 boni
601 1337 649 1384 id
669 1337 954 1398 effecerunt,
979 1337 1114 1403 quod
1139 1337 1263 1386 dolis
1290 1347 1337 1386 et
1359 1337 1540 1386 astutiae
1561 1336 1779 1403 perditis-

333 1436 356 1460 «
386 1416 493 1463 simi
511 1416 722 1463 hominis
748 1417 1033 1477 contrairet,
1063 1426 1233 1464 contra
1256 1415 1484 1482 querulos
1510 1414 1777 1464 defensioni

331 1515 353 1539 «
385 1494 658 1542 firmitatem
692 1494 903 1556 affectat,
932 1496 1151 1561 viresque
1180 1496 1443 1556 ministrat;
1471 1504 1520 1544 et
1547 1493 1779 1561 quioquid

332 1594 354 1617 «
387 1572 504 1619 illud
531 1573 590 1620 sit
608 1609 620 1633 ,
666 1573 939 1621 testimonio
967 1584 1128 1622 tamen
1164 1572 1495 1621 roborandum
1525 1581 1610 1621 est.
1659 1574 1776 1620 Pro·

331 1668 353 1692 «
383 1647 523 1694 cedat
546 1646 804 1711 Adalgerus
830 1647 1086 1713 presbiter;
1116 1647 1251 1696 adest
1277 1664 1487 1713 namque
1510 1647 1596 1713 qui
1612 1663 1776 1696 rerum

330 1748 352 1771 α
382 1727 554 1775 seriem
583 1726 867 1793 proditionis
900 1728 1123 1775 conscius
1161 1727 1342 1793 optime
1381 1726 1532 1775 novit.
1577 1724 1662 1774 llle
1694 1725 1776 1773 in-

329 1828 351 1850 «
382 1822 528 1870 quam
558 1805 706 1866 adsit,
747 1815 794 1853 et
826 1817 992 1854 vestrae
1018 1805 1289 1854 claritudini
1320 1804 1589 1854 inauditum
1618 1802 1777 1853 scelus

329 1906 351 1930 «
382 1884 553 1944 edicat,
582 1894 635 1932 ut
656 1894 704 1932 et
728 1884 811 1932 ubi
837 1886 897 1933 sit
913 1886 1198 1951 vituperatio
1213 1884 1438 1934 habenda
1452 1884 1770 1950 cognoscatis,

329 1985 351 2009 «
384 1974 431 2011 et
452 1963 532 2010 ubi
551 1963 653 2011 laus
671 1964 982 2012 concedenda
1007 1964 1223 2013 videatis,
1251 1984 1274 2009 »

513 2101 630 2136 LXII.
647 2122 696 2129 —
713 2102 933 2138 Admovetur
946 2103 989 2126 *⁴¹
1009 2102 1201 2150 Adalgerus
1212 2102 1254 2126 *¹*
1271 2102 1486 2138 accusationi
1502 2100 1556 2135 *ἢ

394 2208 649 2274 Adalgerus
677 2211 837 2275 itaque
862 2211 1116 2258 accersitus
1143 2210 1295 2258 adest.
1325 2210 1478 2274 Super
1503 2207 1594 2255 hac
1626 2205 1772 2254 rein-

325 2297 588 2352 terrogatus
612 2299 659 2336 et
684 2288 750 2335 nil
768 2299 980 2336 moratus
1003 2288 1261 2355 respondet
1283 2307 1294 2335 z
1324 2309 1347 2333 «
1369 2287 1583 2346 Utinam,
1612 2293 1773 2352 patres

327 2385 351 2409 «
380 2366 556 2426 sancti,
584 2366 634 2413 in
660 2366 751 2413 hac
772 2368 1026 2414 vocatione
1051 2366 1344 2414 concedatur
1369 2365 1489 2413 mihi
1517 2363 1675 2428 aliqua
1697 2377 1771 2410 re·

326 2465 348 2488 «
378 2444 613 2505 missionis
633 2444 944 2509 indulgentia.
974 2445 1068 2492 Sed
1102 2445 1214 2510 quia
1244 2444 1307 2491 ad
1336 2443 1385 2491 id
1407 2442 1614 2503 deveni,
1647 2449 1702 2487 ut
1730 2439 1771 2487 si

327 2543 349 2566 «
380 2522 498 2588 quid
516 2522 649 2587 quod
667 2540 755 2588 pro
774 2540 852 2571 me
872 2524 1010 2571 faciat
1028 2523 1228 2574 inveniri
1249 2522 1417 2588 possit,
1440 2520 1490 2568 id
1507 2528 1676 2568 contra
1690 2532 1772 2564 me

327 2621 347 2644 «
380 2610 503 2647 stare
521 2600 754 2659 videatur,
778 2601 935 2648 verbis
960 2600 1260 2648 brevioribus
1280 2599 1415 2665 quod
1439 2596 1648 2664 quaeritis
1669 2593 1771 2643 edi-

371 2744 390 2765 *
415 2744 546 2778 bellum
562 2770 572 2786 ,
593 2745 740 2791 probat,
759 2745 833 2779 vitu
851 2745 977 2779 abscisa
1002 2745 1067 2792 (sic
1083 2743 1213 2791 Per-iz).

371 2801 413 2824 ’¹'
437 2809 575 2845 ovetur,
593 2814 653 2837 rus
667 2828 677 2846 ,
695 2814 737 2836 ac
750 2828 760 2845 ,
779 2802 815 2837 ni
831 2829 841 2846 ,
862 2803 897 2836 io
915 2802 1041 2837 abscisa
1063 2802 1131 2849 (sic
1148 2800 1280 2846 Pera).
