1872 3372
345 245 425 287 242
820 238 1050 284 mensur
1072 243 1171 284 ΗΒ.
1207 244 1277 284 lv.

400 383 529 419 val.
547 402 594 411 —
608 380 746 417 Arnum
766 380 944 429 pmunio
957 381 975 403 ³
993 379 1039 415 ad
1056 378 1254 415 defensum
1267 379 1286 402 ‘
1308 388 1345 414 ut
1362 378 1500 414 libere*
1519 377 1716 428 disputent.

407 487 644 546 Arnulsus,
663 484 1010 533 Aurelianensis
1028 484 1297 550 episcopus,
1317 483 1461 531 dixit:
1485 504 1507 528 «
1526 484 1670 546 Licet,
1688 501 1774 551 pa·

342 589 363 611 «
397 577 490 614 tres
516 563 801 624 venerandi,
829 562 920 610 hec
945 562 1206 611 certissime
1221 579 1271 611 se
1292 562 1359 610 sic
1380 561 1611 624 habeant,
1635 572 1689 611 ut
1713 561 1776 612 de

340 667 361 691 «
395 644 590 693 Arnulib
609 642 944 708 praedicantur,
966 640 1277 706 plurimisque
1289 641 1535 689 sententiis
1552 650 1771 708 patrum,

339 745 362 769 «
387 725 516 788 justo
535 722 708 787 juditio
736 720 953 769 damnari
979 719 1157 780 valeat,
1181 729 1341 768 tamen
1365 736 1428 768 ne
1447 719 1697 768 videamur
1712 720 1775 769 de

338 824 359 846 «
391 803 544 850 fratris
562 801 701 849 ruina
720 799 944 858 letanteS,
983 807 1031 846 et
1061 798 1110 846 in
1140 798 1242 862 ejus
1266 798 1576 848 damnatione
1592 798 1774 866 absque

336 903 358 929 «
383 882 513 946 justo
538 879 759 928 ardentes
775 915 788 938 ‚
819 875 1125 925 statuendum
1157 877 1404 925 communi
1426 877 1622 927 decreto
1649 878 1775 928 arbi·

335 983 356 1006 «
389 971 504 1021 tror,
528 969 581 1007 ut
603 959 894 1024 quicumque
923 957 972 1003 in
1001 955 1102 1021 ejus
1121 956 1399 1004 defensione
1415 956 1595 1023 aliquid
1613 957 1775 1009 dicem

333 1061 355 1084 «
387 1040 569 1099 nititur,
588 1038 750 1086 locum
767 1034 1047 1084 defensandi
1063 1034 1254 1095 habeat,
1277 1034 1489 1083 revolvat
1505 1035 1770 1100 volumina,

333 1140 354 1163 ι(
386 1118 595 1183 proferat
624 1125 743 1182 quot
770 1114 873 1162 vult
902 1113 1187 1173 sententias,
1220 1123 1363 1179 atque
1386 1114 1552 1163 omnia
1578 1130 1685 1182 quae
1707 1116 1770 1165 ad

330 1218 352 1243 «
383 1196 710 1245 defensionem
739 1193 945 1260 paravit,
979 1192 1057 1239 hic
1086 1208 1249 1239 coram
1279 1191 1348 1239 nil
1378 1201 1596 1242 metuens
1619 1192 1772 1243 effun—

330 1295 352 1318 «
384 1275 480 1322 dat.
524 1276 675 1338 Atque
717 1271 811 1319 hoc
841 1269 1230 1318 constituendum
1271 1286 1408 1329 reor,
1447 1280 1502 1319 ut
1542 1269 1667 1320 ultra
1700 1273 1769 1321 eis
1809 1267 1815 1273 “

330 1374 351 1398 «
384 1351 663 1400 defensandi
695 1350 829 1398 locus
857 1365 958 1396 non
988 1358 1162 1415 pateat.
1202 1349 1288 1396 Hic
1313 1358 1499 1397 tantum
1524 1365 1656 1399 nunc
1681 1367 1767 1400 oo-

329 1454 351 1478 «
381 1433 523 1497 gitata
565 1431 771 1479 edicant.
798 1449 822 1473 »
869 1431 1002 1476 Tunc
1043 1428 1263 1493 Siguinus
1298 1428 1551 1496 episcopus
1584 1429 1767 1479 Arnulfi

324 1526 500 1563 statum
532 1513 790 1580 approbat,
822 1528 878 1559 ac
910 1510 1226 1559 decretalibus
1253 1509 1514 1558 interdictis
1530 1510 1569 1574 ⁶,
1598 1510 1767 1561 violari

323 1594 523 1642 inhibet.
547 1594 594 1641 Si
613 1593 849 1658 quispiam
872 1607 986 1656 ergo
1005 1589 1124 1656 quid
1149 1589 1307 1639 dicere
1336 1590 1505 1653 habet,
1527 1600 1582 1640 ut
1610 1590 1767 1641 edicat

324 1682 584 1722 ammonet.

520 1919 668 1953 vau.
693 1939 722 1943 —
746 1917 909 1951 Defensio
923 1917 965 1939 *²*
983 1917 1244 1951 scolasticorum
1256 1916 1297 1939 ἢ
1314 1928 1380 1963 pro
1398 1916 1560 1951 Amulro.

389 2039 575 2083 Etcum
594 2034 753 2100 plures
777 2033 842 2080 ibi
860 2034 1151 2093 assisterent,
1178 2033 1262 2098 qui
1279 2034 1328 2080 in
1349 2031 1628 2080 defensione
1642 2032 1764 2080 nite·

323 2125 504 2175 rentur,
538 2113 732 2161 maximi
759 2122 919 2159 tamen
945 2110 1219 2159 defensores
1246 2110 1376 2159 fuere
1399 2109 1595 2159 abbates
1625 2107 1764 2158 Abho

323 2192 648 2250 Floriacensis‚
671 2200 718 2238 et
738 2189 1014 2237 Ramnulfus
1030 2189 1341 2250 Senonensis,
1366 2198 1510 2253 atque
1522 2186 1766 2236 Johnnnes

324 2271 598 2319 scolasticus
630 2267 1043 2317 Autisiodorensis.
1081 2267 1141 2314 Hi
1165 2267 1295 2315 enim
1324 2267 1520 2315 scientia
1548 2263 1690 2314 simul
1715 2274 1764 2313 et

323 2349 596 2416 eloquentia
627 2349 750 2396 inter
780 2364 891 2395 suos
917 2347 1124 2411 insignes
1143 2346 1459 2395 habebantur.
1489 2348 1549 2393 Et
1580 2343 1764 2393 indicto

323 2429 527 2489 silentio,
547 2426 783 2475 librorum
810 2425 958 2473 multa
986 2425 1233 2474 volumina
1259 2435 1423 2491 aperta
1439 2433 1580 2484 sunt,
1613 2421 1764 2472 multa

323 2524 517 2574 quoque
535 2523 593 2555 ex
614 2516 805 2572 patrum
825 2504 1026 2553 decretis
1044 2504 1253 2570 prolata,
1283 2502 1517 2552 nonnulla
1538 2502 1682 2552 etiam
1699 2500 1763 2550 ad

368 2659 390 2681 ἢ
415 2670 492 2706 per,
510 2656 614 2692 defen
625 2682 635 2699 ,
654 2668 712 2690 ere
730 2655 871 2689 abscisa.

370 2717 411 2738 *¹*
437 2714 601 2756 Defensi,
627 2713 779 2747 ticorum
797 2712 937 2746 abscisa.

370 2772 381 2793 ⁰
409 2771 499 2807 inter
514 2769 707 2805 interdictis
724 2768 797 2803 cod.
819 2768 872 2815 (In
895 2768 1020 2802 duabus
1036 2768 1163 2815 lineis).
