1890 3380
385 257 431 290 w
865 250 1082 293 mcflfflu
1113 251 1212 294 un.
1245 252 1321 294 11¹.

378 354 484 387 rum
515 355 636 404 quos
671 339 768 405 ipse
800 341 847 387 in
878 340 1156 389 militaribus
1187 342 1469 389 instruxerat
1500 340 1796 409 dimissum.

376 416 467 464 loci
492 415 819 465 habitudinem
846 418 1143 484 militumque
1167 434 1446 478 numerum,
1475 433 1634 467 rerum
1655 417 1797 473 ω

374 493 611 542 fortunam
645 511 700 542 ac
735 494 1018 543 famulorum
1050 496 1253 556 exitum,
1286 495 1576 563 vigilumque
1602 494 1800 564 dingen-

374 572 511 630 tiam‚
552 573 817 621 cautissime
852 574 1168 623 considerent.
1212 574 1484 624 Procedunt
1510 576 1669 642 itaque
1699 573 1799 625 duo

375 658 556 696 tantum
598 650 644 696 in
685 649 846 697 habitu
891 651 1204 717 paupertino,
1252 668 1308 700 ac
1347 668 1498 718 usque
1537 651 1599 701 ad
1634 650 1804 721 oppidi

373 739 559 795 portam
584 730 856 780 deveniunt.
900 732 1271 782 Exstruebantur
1293 742 1408 782 tnnc
1431 734 1554 782 muri
1580 750 1670 802 per
1695 726 1801 785 loci

372 807 635 873 potioribus
653 808 875 858 aedificiis.
910 811 1047 859 Unde
1064 821 1113 860 et
1136 811 1349 878 lapidum
1365 812 1677 880 caementique
1690 819 1802 884 'por-

372 886 555 947 titores,
593 904 714 953 saepe
736 903 823 954 per
846 899 1034 954 portam
1051 889 1438 956 egrediebantur,
1472 887 1801 956 regredieban-

371 974 541 1031 turque
564 975 792 1032 praesente
813 983 981 1015 eorum
998 967 1082 1033 qui
1099 968 1234 1034 operi
1256 966 1539 1035 praesidebat
1553 967 1565 992 ‘
1580 1005 1591 1016 .
1619 965 1802 1017 Adstmt

369 1042 714 1108 exploratores,
753 1053 802 1091 et
834 1042 895 1091 ad
932 1045 1335 1111 comportandum
1373 1045 1556 1112 lapides
1596 1044 1803 1097 offerunt

368 1137 483 1167 sese.
514 1123 814 1188 Deputantur
830 1123 988 1188 operi,
1023 1123 1258 1189 daturque
1276 1124 1344 1172 eis
1360 1123 1604 1174 clitellaria
1618 1132 1796 1192 sporta.

367 1200 679 1264 Comportant
713 1200 872 1264 itaque
905 1211 1189 1250 caementum
1222 1217 1279 1249 ac
1317 1202 1525 1267 lapides,
1569 1218 1626 1252 ac
1662 1218 1802 1252 num·

368 1292 472 1323 mos
494 1276 511 1300 ²
546 1276 756 1340 singulos
789 1277 961 1341 singuli
999 1278 1048 1326 in
1081 1278 1183 1326 dies
1215 1279 1469 1344 accipiunt.
1506 1281 1627 1327 Ante
1649 1278 1828 1327 domi·'

366 1369 478 1401 nam
496 1354 638 1401 etiam
662 1371 772 1401 cum
796 1354 985 1402 latomis
1009 1364 1057 1403 et
1080 1357 1389 1403 cementariis
1406 1356 1480 1403 bis
1497 1355 1640 1405 cibati
1662 1354 1796 1415 sunt,

365 1430 551 1478 curiose
574 1430 735 1478 omnia
759 1431 1152 1498 contemplantes.
1187 1433 1406 1481 Dominae
1436 1432 1580 1481 etiam
1608 1431 1803 1482 cubicu-

365 1506 465 1554 lum
477 1544 490 1567 ,
511 1508 709 1574 ejusque
727 1518 951 1556 natorum
963 1508 1295 1558 diverticulum
1307 1547 1319 1571 ,
1349 1510 1434 1559 sed
1450 1520 1499 1558 et
1512 1509 1801 1560 famulorum

363 1603 604 1651 egressum
642 1597 690 1634 et
728 1604 992 1652 regressum
1008 1624 1022 1649 ,
1065 1588 1404 1655 actionumque
1440 1597 1797 1655 tempestatem,

365 1664 445 1712 ubi
473 1665 616 1712 etiam
646 1665 880 1732 oppidum
904 1665 1086 1713 insidiis
1115 1667 1263 1732 magis
1289 1677 1474 1733 pateat,
1508 1666 1659 1715 multa
1685 1683 1800 1715 oon·

363 1741 649 1791 sideratione
673 1753 945 1809 pernotant.
984 1746 1043 1791 Et
1073 1744 1240 1793 diebus
1272 1755 1480 1811 quatuor
1509 1746 1795 1807 consumtis,

363 1820 466 1868 dies
507 1820 786 1869 imminebat
803 1822 820 1845 ⁸
869 1821 1128 1871 dominica.
1176 1823 1347 1888 Sicque
1387 1834 1581 1891 accepta
1620 1819 1799 1875 laboris

363 1898 582 1947 mercede
604 1899 640 1958 ⁴,
668 1898 730 1947 ab
755 1916 900 1966 opere
923 1900 1065 1948 soluti
1090 1911 1216 1949 sunt.
1250 1901 1466 1951 Redeunt
1489 1902 1631 1969 igitur
1647 1902 1799 1953 omni-

364 1975 452 2024 bus
475 1976 749 2042 exploratis,
783 1994 839 2025 ac
863 1978 986 2042 paui
1011 1995 1120 2026 meo
1147 1979 1257 2027 talia
1282 1978 1508 2029 referunt.

1041 2093 1106 2127 1x.

430 2163 512 2211 llle
547 2164 596 2210 in
631 2163 779 2211 multa
815 2181 899 2230 spe
932 2165 1094 2212 omnia
1125 2181 1337 2231 ponens,
1384 2165 1545 2230 regina
1578 2163 1792 2223 conscia,

364 2257 475 2290 cum
499 2240 684 2290 duabus
709 2241 987 2291 cohortibus
1017 2242 1252 2309 oppidum
1277 2243 1398 2303 adit,
1432 2259 1489 2291 ac
1512 2240 1796 2291 ducentibus

366 2319 419 2365 iis
441 2334 564 2383 quos
587 2319 898 2384 praemiserat,
932 2336 1018 2385 per
1040 2319 1202 2367 locum
1226 2329 1577 2386 competentem
1601 2327 1795 2366 noctur·

366 2415 454 2446 nus
483 2396 759 2462 ingreditur.
800 2402 964 2446 Portas
997 2408 1046 2446 et
1069 2400 1220 2448 exitus
1255 2416 1425 2449 omnes
1456 2398 1697 2466 pervadit,
1739 2412 1796 2445 ac

363 2475 605 2535 custodes,
634 2491 696 2524 ne
713 2477 820 2540 quis
838 2476 1052 2541 effugiat,
1075 2478 1286 2544 deputat.
1317 2482 1422 2545 lpse
1440 2478 1503 2527 ad
1520 2476 1793 2546 cubiculum

411 2616 647 2652 ‘custodem
608 2618 770 2663 comqui
790 2619 887 2665 operi
910 2632 1007 2666 1¹⁶³
980 2619 1128 2654 dbt

408 2667 576 2731 :primum
598 2664 667 2699 (1.1
640 2668 762 2720 scriptu
762 2679 826 2699 me
828 2666 961 2709 ναι((11
964 2680 1038 2702 11131·
1029 2668 1079 2701 in
1093 2670 1118 2704 Ἰ

411 2710 600 2748 ³·deratc
600 2725 665 2747 om
684 2713 829 2748 immine
809 2714 901 2748 ebat.

412 2759 562 2807 ‘operis
580 2760 699 2807 precio
726 2763 755 2795 l.
