1890 3380
398 277 453 317 40
880 271 1100 314 mcnssm
1132 269 1231 311 un.
1263 270 1343 312 111.

399 381 423 406 «
453 372 701 422 maneant,
736 372 783 411 et
818 361 949 427 quod
988 359 1245 426 pessimum
1275 369 1367 418 est,
1410 359 1588 425 absque
1626 360 1823 411 stomun

399 459 422 483 α
451 438 784 489 benedictione
819 450 867 487 et
902 447 1096 498 exeant,
1134 446 1180 485 et
1212 438 1313 486 sine
1349 454 1403 486 ea
1436 438 1649 487 redeant.
1685 440 1824 489 Unde

398 538 422 563 α
452 534 550 566 non
577 518 776 567 dubium
807 528 901 578 est,
930 534 1013 566 eos
1037 515 1214 564 facilius
1249 532 1387 582 posse
1418 517 1535 579 faui,
1572 534 1696 584 quos
1731 518 1824 568 fin-

399 614 422 638 «
453 604 578 643 trum
598 596 836 643 orantium
854 593 1124 642 benedictio
1150 609 1249 640 non
1274 594 1443 642 munit.
1466 594 1583 643 Inde
1600 605 1671 643 est
1690 595 1824 662 quod

398 693 422 718 «
452 673 698 739 turpitudo
724 674 853 734 vitae,
885 688 1076 720 morum
1104 671 1334 738 pravitas,
1360 673 1662 739 proprietatis
1685 689 1826 741 pecu·

398 770 420 795 α
451 750 591 811 lium,
628 750 766 798 nobis
808 768 835 799 a
876 748 1275 799 calumniantibus
1311 749 1638 800 intenduntur.
1685 751 1824 801 Unde

397 849 419 872 «ι
450 829 591 876 etiam
619 846 810 877 necesse
838 839 931 889 est,
964 839 1016 876 ut
1043 828 1116 875 his
1141 827 1389 876 calumniis
1406 827 1684 891 subdamur,
1711 846 1823 879 cum

397 927 419 950 «
450 907 709 973 repulsioni
743 918 883 956 testes
928 907 1104 955 habere
1139 923 1238 954 non
1271 907 1525 973 possimus.
1571 906 1676 957 Hoc
1708 902 1825 976 q'uo-

397 1005 418 1028 «
450 1002 544 1050 que
587 995 740 1033 vestra
787 1002 987 1033 censura
1025 985 1292 1052 prohibeat.
1344 1005 1367 1029 »
1413 985 1621 1035 Sinodus
1655 985 1772 1036 dixit
1808 1006 1819 1035 ι

396 1083 418 1106 «
451 1062 777 1110 Prohibeatur.
830 1083 853 1107 »
900 1066 957 1111 Et
1004 1063 1324 1112 memorabilis
1364 1063 1758 1131 metropolitanus
1807 1084 1819 1111 z

395 1158 420 1183 α
448 1142 549 1186 Hoc
573 1156 768 1205 quoque
799 1161 822 1186 »
859 1141 1015 1205 inquit
1043 1161 1066 1186 «
1104 1151 1266 1189 nostra
1298 1142 1577 1191 auctoritate
1605 1142 1825 1209 prohibe·-

394 1237 416 1262 «
446 1233 569 1265 mus.
607 1236 630 1262 υ

722 1339 913 1374 xxxvn.
934 1338 1054 1374 Tertia
1068 1339 1088 1362 ⁸
1109 1338 1267 1387 primati.
1281 1338 1490 1387 indignatio.

455 1436 537 1484 His
565 1452 759 1501 quoque
791 1437 969 1502 primas
1000 1434 1091 1482 alia
1115 1435 1379 1499 adjungens
1407 1453 1418 1481 z
1457 1454 1480 1480 «
1516 1435 1759 1493 Quoniam
1795 1456 1819 1483 υ

388 1514 543 1578 inquit
579 1533 602 1558 «
650 1512 711 1560 de
759 1514 883 1560 vitiis
912 1512 1062 1560 nostri
1095 1512 1277 1559 ordinis
1315 1511 1473 1560 dicere
1511 1513 1658 1579 ooepi,
1703 1512 1825 1562 nihil

391 1610 415 1635 «
445 1589 812 1654 relinquendum
848 1590 1037 1655 putavi,
1069 1589 1214 1637 uthis
1242 1590 1436 1650 amotiS,
1468 1588 1633 1655 religio
1662 1600 1824 1639 nostra

392 1689 415 1713 α
444 1669 541 1715 acsi
574 1667 814 1715 enubilata
833 1668 1054 1716 reluceat.
1090 1669 1211 1714 Sunt
1234 1667 1387 1726 enim,
1419 1667 1643 1733 inquam,
1671 1669 1824 1717 nostri

391 1766 415 1791 «
443 1746 626 1794 ordinis
659 1746 879 1811 quidam,
916 1745 1089 1810 quibus
1115 1762 1239 1793 curae
1281 1755 1351 1792 est
1384 1745 1527 1810 pillea
1563 1745 1717 1794 aurita
1745 1762 1824 1796 ca-

391 1846 414 1871 «
443 1826 529 1891 piti
566 1824 849 1872 manifeste
839 1840 1111 1890 imponere,
1152 1822 1394 1888 pellesque
1423 1823 1696 1889 peregrinas
1732 1823 1822 1890 pil·

390 1924 414 1949 «
443 1903 520 1950 leo
545 1903 746 1968 regulari
774 1918 1074 1969 praeponere,
1106 1918 1195 1967 pro
1232 1902 1423 1965 abjectae
1447 1904 1589 1949 vestis
1623 1901 1817 1964 habitu,

390 1991 595 2029 «vestes
643 1981 925 2028 lautissimas
970 1979 1226 2027 induere.
1269 1983 1388 2027 Nam
1431 1980 1614 2028 tunicas
1659 1981 1820 2046 magni

389 2069 625 2125 «emptas
670 2058 932 2124 plurimum
973 2058 1199 2123 cupiunt,
1239 2074 1356 2122 quas
1395 2058 1462 2105 sic
1501 2057 1564 2105 ab
1614 2067 1820 2124 utroque

388 2157 412 2182 «
441 2137 586 2185 latere
618 2138 852 2201 stringunt
869 2173 881 2195 ‚
919 2137 1210 2201 manicisque
1248 2147 1294 2183 et
1336 2136 1447 2200 giris
1496 2134 1820 2184 diffluentibus

388 2235 412 2260 «
441 2214 740 2275 diffundunt,
777 2225 828 2262 ut
857 2215 1016 2262 artatis
1043 2214 1261 2262 clunibus
1291 2225 1338 2262 et
1363 2214 1599 2281 protensis
1628 2213 1819 2262 natibus

388 2314 411 2338 ι(
440 2293 600 2359 potius
631 2292 941 2340 meretriculis
970 2310 1115 2358 quam
1145 2292 1392 2341 monachis
1415 2309 1445 2340 a
1476 2302 1608 2359 tergo
1642 2292 1819 2341 assimi-

388 2391 412 2416 «
438 2371 611 2420 lentur.
656 2390 679 2416 »

429 2537 450 2558 ‘¹'
474 2537 527 2571 Te
543 2537 712 2572 abscisum.

431 2594 443 2614 ¹
463 2602 542 2641 pose
574 2593 719 2628 induere
749 2594 817 2627 hoec
842 2595 994 2641 primitus
1021 2595 1140 2640 scripta
1169 2601 1261 2626 erant
1286 2606 1297 2625 .·
1325 2604 1405 2626 cum
1427 2591 1514 2627 boni
1538 2591 1666 2639 quique
1693 2592 1817 2640 capitit

381 2665 602 2701 quocumque
618 2653 769 2700 tegmine
782 2653 936 2688 contenti
952 2653 1032 2686 sint.
1046 2652 1090 2686 Hi
1106 2664 1188 2698 ergo
1201 2665 1219 2686 a
1231 2653 1398 2699 religiosis
1413 2651 1616 2687 dissidentes
1626 2663 1700 2687 non
1710 2652 1816 2688 sunt?

382 2726 463 2749 cum
474 2714 569 2749 euim
587 2715 733 2748 vestium
753 2713 921 2761 dignitate
933 2712 1149 2747 delectamur
1165 2713 1298 2747 vilium.
1317 2713 1441 2760 procul
1457 2711 1568 2748 dubio
1583 2711 1814 2759 abiectionem

386 2774 479 2810 unde
495 2786 538 2810 ex
555 2783 654 2821 parte
671 2774 793 2820 religio
812 2774 1071 2820 recognoscitur
1086 2773 1225 2821 penitus
1242 2774 1445 2808 abhorrent.
