1890 3380
404 264 456 304 :34
887 264 1103 306 mmmm
1137 266 1236 309 Lm.
1269 266 1347 309 11¹.

405 374 427 397 «
458 370 552 419 que
576 353 726 403 valeat
755 354 963 403 dissolvi.
998 353 1134 403 Unde
1166 365 1214 404 et
1242 373 1270 405 a
1296 357 1432 405 vobis
1460 358 1590 407 idem
1615 359 1831 412 roborari

403 453 426 478 ι(
456 432 583 480 νοΙο.
633 453 655 477 »
688 433 893 480 Sinodus
931 431 1048 480 dixit
1085 452 1094 480 :
1135 453 1159 479 «
1200 433 1483 485 Roboretur.
1530 457 1553 481 »
1586 437 1831 489 Prolatum

398 509 538 574 igitur
570 526 597 557 a
628 509 1017 575 metropolitanO,
1047 510 1094 557 in
1126 510 1330 559 concilio
1370 514 1617 562 recitatum
1647 524 1719 564 est
1746 515 1832 565 eis-

397 604 491 653 que
516 597 813 654 porrectum,
849 597 895 635 et
926 586 986 635 ab
1014 603 1182 636 eorum
1212 589 1407 654 singulis
1435 607 1581 640 manu
1609 593 1831 660 imposita

397 664 690 712 roboratum.
727 665 871 723 Quod
904 665 1046 713 etiam
1078 681 1105 713 a
1143 667 1392 717 monachis
1421 670 1503 735 qui
1538 670 1603 719 ibi
1632 671 1831 721 aderant

393 753 669 809 exceptum,
697 743 890 790 archivo
917 744 1191 791 monasterii
1219 744 1420 795 relatum
1449 757 1535 796 est.

417 861 553 897 XXXI.
570 881 618 889 —
632 861 844 907 Conquestio
855 860 876 884 '⁹
893 862 1182 910 metropolitani·
1208 862 1253 899 de
1270 865 1561 902 monachoeum‘
1580 867 1749 917 religione
1760 868 1801 914 ⁶,

849 923 1048 969 rituumque
1061 924 1080 946 ⁹
1098 923 1317 960 correctione
1329 925 1365 959 θ.

454 1009 581 1054 Inter
604 1006 705 1053 haec
729 1022 924 1070 quoque
951 1016 998 1055 et
1031 1006 1121 1055 alia
1154 1007 1284 1055 utilia
1320 1025 1426 1074 quae
1461 1008 1525 1057 ibi
1565 1010 1823 1060 constituta

389 1094 498 1130 sunt
523 1120 535 1142 ‚
588 1083 649 1130 de
697 1083 1049 1131 monachorum
1095 1084 1322 1150 religione
1370 1103 1399 1134 a
1454 1087 1824 1155 metropolitano

388 1171 521 1208 motu
558 1161 832 1225 gravissimo
856 1163 1137 1228 conquestio
1171 1164 1332 1212 habita
1362 1174 1433 1213 est
1449 1202 1462 1226 ‚
1501 1182 1561 1214 eo
1593 1166 1728 1232 quod
1763 1168 1826 1215 ri·

386 1248 461 1285 tus
486 1255 513 1286 a
532 1238 791 1302 majoribus
817 1240 1083 1300 constituti,
1121 1257 1150 1288 a
1181 1241 1470 1307 quibusdam
1501 1242 1747 1310 depravati
1777 1254 1826 1306 et

387 1318 621 1364 immutati
653 1317 943 1365 viderentur.
975 1318 1114 1367 Unde
1138 1329 1186 1367 et
1217 1319 1308 1367 sub
1341 1321 1679 1388 episcoporum
1701 1338 1822 1390 prae-

385 1395 534 1443 sentia
567 1395 629 1443 ab
664 1396 836 1443 eodem
870 1395 1118 1445 decretum
1152 1406 1223 1444 est
1266 1408 1320 1445 ut
1350 1397 1652 1447 diversorum
1688 1398 1822 1448 loco·

386 1490 493 1520 rum
517 1473 709 1522 abbates
727 1475 1059 1535 convenirent,
1089 1485 1136 1523 et
1160 1474 1273 1523 inde
1296 1475 1472 1524 utiliter
1494 1476 1816 1526 consulerent.

386 1552 629 1617 Hujusque
655 1551 886 1600 habendae
910 1553 1107 1600 rationis
1132 1563 1320 1619 tempus
1338 1563 1386 1602 et
1408 1553 1543 1603 locus
1567 1571 1683 1604 mox
1704 1572 1821 1605 con-

386 1631 545 1678 stituta
570 1641 705 1691 sunt,
735 1642 782 1679 et
806 1632 872 1679 sic
896 1631 1093 1680 sinodus
1118 1632 1273 1680 soluta
1297 1642 1384 1680 est.

538 1756 697 1790 XXXII.
717 1775 764 1782 —
774 1755 882 1800 Quod
901 1756 1009 1791 abbas
1028 1755 1203 1791 Rodulfus
1219 1756 1389 1791 abbatum
1403 1756 1535 1805 primas
1551 1757 1669 1793 fuerit.

451 1844 634 1888 Interea
658 1851 844 1907 tempus
867 1842 1073 1890 advenit.
1105 1841 1308 1890 Abbates
1336 1859 1532 1909 quoque
1549 1859 1608 1892 ex
1631 1842 1822 1892 diverso

386 1919 435 1966 in
461 1936 613 1966 unum
636 1918 821 1967 collecti
846 1930 971 1967 sunt.
1011 1922 1230 1978 Quorum
1261 1921 1527 1987 praecipuus
1562 1931 1611 1970 et
1643 1921 1823 1988 primas

385 1997 668 2045 constitutus
686 2007 757 2044 est
791 1998 864 2045 vir
890 1997 1010 2046 divae
1039 1999 1280 2047 memoriae
1297 1999 1528 2048 Rodulfus
1544 2035 1558 2060 ,
1580 2016 1639 2049 ex
1661 2015 1822 2049 coeno-

386 2074 467 2122 bio
492 2075 643 2122 sancti
669 2076 864 2140 Remigii
887 2075 1049 2123 abbas.
1079 2079 1188 2135 Quo
1213 2076 1497 2143 praesidente
1524 2087 1572 2126 et
1601 2074 1821 2144 prelatu-

386 2169 449 2200 rae
473 2151 748 2218 dignitatem
773 2164 964 2202 tenente
981 2190 993 2213 ‚
1022 2153 1100 2201 alii
1124 2155 1305 2203 circum
1329 2154 1546 2222 dispositi
1569 2163 1697 2205 sunt.
1724 2156 1822 2203 Me·

387 2230 700 2298 tropolitanus
727 2248 841 2279 vero
874 2249 931 2279 ex
956 2231 1158 2280 adverso
1183 2232 1232 2280 in
1251 2232 1485 2282 cliotedro
1512 2231 1702 2282 resedit.
1726 2232 1821 2291 Qui

385 2309 599 2374 primatis
622 2308 919 2374 aliorumque
943 2320 1134 2375 patrum
1156 2309 1349 2359 hortatu
1380 2312 1693 2360 concionatus
1707 2347 1721 2372 ,
1754 2311 1822 2359 sic

386 2387 670 2454 praelocutus
699 2399 769 2436 est
791 2407 801 2435 ε

414 2509 591 2544 XXXIII.
609 2528 659 2536 —
671 2509 878 2544 praelocutio
892 2509 934 2532 *¹*
955 2510 1214 2557 metropolitani
1226 2511 1267 2533 ”¹
1294 2510 1331 2545 in
1349 2510 1476 2546 sinodo
1488 2510 1532 2533 *¹
1548 2510 1718 2546 abbatum
1728 2508 1785 2544 ’ἢ

453 2619 476 2644 «
514 2601 737 2664 Magnum
767 2611 853 2660 est,
888 2610 1043 2665 patres
1077 2601 1374 2661 sanctissimi,
1411 2601 1569 2650 bonos
1603 2616 1820 2666 quosque

431 2736 452 2757 ¹
476 2736 582 2780 estio,
598 2736 727 2785 polita,
745 2748 813 2771 ona
825 2763 834 2780 ,
854 2736 957 2784 eligi,
978 2737 1047 2772 ritu
1062 2764 1071 2780 ,
1090 2738 1205 2772 ctione
1223 2738 1364 2772 abscisa.

431 2793 473 2815 ’⁹
498 2793 593 2828 cutio
606 2820 615 2836 ‚
634 2793 823 2841 cpolitani,
843 2793 914 2829 odo
930 2821 938 2835 ,
960 2806 1019 2828 um
1038 2794 1176 2828 abscisa.
