1872 3372
362 254 441 291 296
842 255 1061 297 mentitu
1093 258 1190 300 ΗΒ.
1225 259 1295 298 lV.

364 363 386 385 u
417 341 640 390 Otthonis
674 347 882 408 augusti,
916 363 1026 394 cum
1059 348 1320 395 statuissem
1356 364 1454 396 non
1489 349 1732 400 discedere
1753 365 1781 400 a

365 444 387 468 κ
417 423 629 472 clientela
664 426 809 490 patris
851 429 942 475 mei
978 427 1102 477 beati
1136 428 1466 490 AdalberoniS,
1510 430 1571 479 ab
1610 431 1781 482 eodem

363 522 384 545 «
416 502 637 565 ignorans
666 503 727 551 ad
757 505 1071 554 sacerdotium
1102 508 1371 573 praeelectus
1398 527 1528 570 sum3
1559 520 1701 577 atque
1729 511 1780 561 in

363 599 387 623 α
417 580 517 643 ejus
549 579 754 628 discessu
788 582 851 629 ad
882 584 1167 645 Dominum,
1195 603 1356 635 coram
1388 587 1642 639 illustribus
1669 589 1783 639 viris

363 678 386 702 u
418 658 600 705 futurus
639 658 846 708 ecclesiae
881 671 1042 726 pastor
1073 661 1356 729 designatus.
1400 666 1495 715 Sed
1525 667 1783 717 simoniaca

362 756 385 779 «
414 735 600 783 haeresis
635 736 683 783 in
723 739 845 785 Petri
880 739 1112 788 soliditate
1152 758 1228 789 me
1270 752 1472 791 stantem
1514 745 1777 806 inveniens,

362 832 384 856 «
416 812 639 878 reppulit,
679 813 923 862 Arnulfum
955 816 1170 880 praetulit.
1200 819 1290 866 Cui
1317 829 1473 869 tamen
1503 819 1611 887 pias
1635 838 1780 888 quam

362 911 383 935 «
414 892 701 955 oportuerit,
743 891 893 939 fidum
924 892 1205 960 obsequium
1242 897 1448 963 praebui,
1480 899 1638 951 donec
1669 917 1778 950 eum

362 988 385 1011 «
413 985 498 1032 per
522 968 696 1016 multos
722 980 768 1017 et
789 987 874 1036 per
898 987 973 1017 me
1006 983 1270 1038 apostatare
1300 974 1457 1040 palam
1491 975 1779 1043 intelligenS,

361 1065 382 1088 «
413 1044 525 1091 dato
556 1047 739 1111 repudii
771 1047 954 1108 libello,
981 1066 1090 1096 cum
1124 1051 1347 1099 omnibus
1385 1054 1479 1100 suis
1516 1055 1789 1120 apostaticis

361 1141 383 1164 «
413 1121 664 1187 dereliqui;
682 1140 780 1171 non
800 1141 905 1190 spe,
929 1142 1018 1172 nec
1036 1127 1255 1192 pactione
1272 1128 1548 1194 capessendi
1570 1130 1785 1195 ejus-ho-

361 1219 382 1241 «
413 1201 566 1260 noris,
601 1211 653 1248 ut
679 1202 772 1248 mei
803 1203 958 1251 aemuli
987 1202 1176 1264 dicunt,
1211 1204 1295 1253 sed
1323 1208 1642 1269 *monstruosis
1672 1225 1804 1276 opeq

359 1298 382 1321 «
412 1277 542 1326 ribus
563 1280 751 1328 territus
772 1281 808 1339 ⁴,
831 1281 879 1327 in
905 1280 1058 1347 effigie
1082 1282 1291 1331 hominis
1313 1283 1552 1334 latitantis.
1584 1287 1786 1354 Nou-‚in-

358 1375 380 1398 α
411 1372 556 1420 quam
574 1357 683 1406 ideo
702 1358 834 1405 illum
855 1358 1110 1424 dereliqui,
1132 1360 1217 1408 sed
1235 1378 1296 1410 ne
1314 1361 1432 1410 illud
1448 1363 1789 1430 propheticum

359 1453 382 1477 «
411 1434 701 1482 incurrerem
730 1454 740 1482 :
777 1438 930 1500 Impio
947 1436 1133 1501 proebes
1152 1438 1410 1495 mallium,
1427 1451 1477 1487 et
1496 1441 1556 1488 iis·
1570 1443 1657 1507 qui
1673 1441 1781 1492 odo-

358 1532 381 1555 «
411 1523 524 1559 runt
546 1530 621 1560 me
643 1515 852 1561 amicitia
872 1515 1114 1580 jungeris,
1151 1527 1199 1564 et
1233 1516 1406 1565 idcirco
1434 1520 1560 1567 iram
1591 1519 1779 1586 quibem

358 1610 381 1634 ι(
410 1593 609 1638 Domini
645 1592 912 1640 merebam.
954 1594 1138 1641 Deinde
1182 1595 1504 1644 sanctionibus
1542 1597 1796 1647 ecelesias-

359 1687 383 1712 «
411 1669 536 1728 ticis,
565 1686 651 1735 per
683 1670 824 1734 longa
855 1681 1126 1736 temporum
1157 1674 1305 1738 spatia
1334 1676 1559 1739 peractis,
1585 1675 1782 1742 legeque

357 1766 380 1790 α
409 1747 763 1813 perhemptoria
781 1760 1110 1798 consummata
1122 1786 1134 1810 ,
1155 1767 1265 1798 cum
1283 1751 1401 1799 nihil
1418 1752 1549 1801 aliud
1563 1763 1781 1815 restaret,

359 1845 381 1868 α
412 1825 502 1872 nisi
533 1835 586 1872 ut
618 1825 866 1889 judiciaria
899 1827 1128 1893 principis
1169 1838 1399 1894 potestate
1433 1830 1782 1894 coherceretur,

359 1921 382 1945 u
409 1911 454 1949 et
485 1912 711 1968 tanquam
742 1903 991 1951 seditiosus
1029 1922 1085 1953 ac
1124 1905 1311 1955 rebellis
1349 1924 1377 1955 a
1421 1909 1674 1976 principali
1708 1926 1786 1960 ca-

358 2000 380 2023 «
410 1979 577 2028 thedra
600 1992 939 2042 removeretur,
967 1983 1069 2048 lege
1094 1984 1296 2032 Africani
1318 1986 1536 2046 concilii,
1559 1987 1730 2037 iterum
1752 2005 1782 2038 a

357 2083 378 2106 α
410 2062 627 2111 fratribus
651 2065 768 2112 meis
786 2075 833 2112 et
855 2067 986 2130 regni
1000 2066 1278 2131 primatibus
1298 2079 1562 2118 conventus
1579 2080 1628 2120 et
1648 2087 1781 2120 oom-

357 2162 379 2186 «
410 2143 620 2190 monitus
649 2160 754 2190 sum
769 2179 782 2203 ,
811 2153 864 2191 ut
889 2144 1077 2192 excluso
1102 2155 1315 2210 apostata
1337 2163 1501 2196 curam
1526 2148 1708 2199 discissi
1729 2159 1778 2199 et

356 2240 379 2263 «
406 2220 618 2269 dilaniati
636 2223 921 2287 susciperem
941 2223 1121 2289 populi.
1142 2224 1286 2284 Quod
1303 2225 1499 2290 quidem
1515 2237 1564 2276 et
1585 2227 1670 2276 diu
1686 2227 1777 2278 dis·

356 2319 377 2343 «
409 2299 522 2359 tuli,
547 2309 595 2348 et
617 2310 780 2366 postea
816 2318 914 2348 non
944 2303 1054 2350 satis
1083 2313 1253 2368 sponte
1285 2304 1521 2368 acquievi,
1548 2306 1775 2371 quoniam

355 2397 377 2420 «
407 2394 512 2442 quae
545 2387 895 2426 tormentorum
923 2396 1095 2444 genera
1125 2397 1203 2428 me
1238 2381 1594 2443 comitarentur,
1623 2384 1777 2432 omni·-

355 2476 375 2496 «
408 2455 563 2503 modis
580 2455 800 2506 intellexi.
824 2459 932 2504 Haec
952 2468 1022 2505 est
1044 2458 1227 2505 viarum
1246 2475 1460 2507 mearum
1483 2460 1772 2526 simplicitas,

355 2558 376 2580 «
407 2536 507 2584 haec
537 2538 818 2585 innocentiae
846 2540 1115 2603 puritaS,.et
1147 2556 1308 2588 coram
1333 2542 1543 2589 Domino
1568 2552 1616 2591 et
1638 2542 1774 2591 vobis

354 2638 374 2660 κ
405 2615 724 2663 sacerdotibus
750 2619 795 2663 in
821 2618 894 2664 his
912 2619 1134 2666 omnibus
1154 2620 1331 2667 munda
1354 2621 1657 2678 couscientia.
1678 2639 1737 2687 a,

394 2767 407 2788 ¹
430 2779 465 2801 o.
489 2765 619 2800 diaboli
637 2766 769 2800 virtutis
785 2768 818 2800 in
837 2768 889 2801 cd.
