1872 3372
328 283 408 324 268
818 282 1039 323 menam
1070 282 1169 326 Lm.
1206 282 1277 323 lv.

583 415 782 454 LXXXIV.
794 436 843 444 -—
860 417 970 452 Dolus
983 417 1001 439 ⁹
1021 416 1159 453 Conani
1172 417 1191 438 ⁸’
1207 424 1331 452 contra
1346 416 1459 451 boote·
1471 415 1505 451 ⁸.

401 523 511 568 Post
531 521 723 569 insidias
741 522 843 588 ipse
861 522 986 571 acies
1004 520 1251 581 ordinans,
1273 521 1340 568 sic
1362 517 1528 568 fraude
1545 535 1657 567 usus
1673 529 1762 582 est,

334 608 386 646 ut
403 598 581 647 diceret
598 616 649 647 se
674 599 737 647 ibi
757 616 1053 660 mansurum,
1080 616 1170 648 nec
1196 599 1392 648 ulterius
1413 598 1577 647 hostes
1600 599 1767 664 quaesi-

335 686 517 738 turum3
546 677 585 724 si
614 676 775 725 hostes
800 687 1046 743 urgerent,
1076 678 1141 726 ibi
1165 688 1350 726 tantum
1373 678 1520 726 vitam
1544 676 1766 726 defensu-

334 772 440 803 rum
459 791 472 815 ,
500 772 590 804 nec
613 755 678 803 ob
702 765 882 804 metum
902 756 949 803 id
969 755 1228 816 facturum,
1253 766 1302 805 at
1325 766 1378 804 ut
1399 755 1583 818 hosteS,
1608 755 1647 804 si
1664 772 1768 805 sese

334 843 535 899 querant
551 844 599 882 et
627 835 877 901 impetant,
911 844 1078 883 contra
1105 835 1184 899 jus
1216 834 1267 882 id
1294 834 1493 895 saciant3
1529 835 1597 883 sic
1636 834 1766 884 enim

335 928 503 958 eorum
527 912 665 959 ruina
698 911 878 959 facilius
912 913 1165 978 provenire
1188 913 1353 979 possit,
1380 928 1493 960 cum
1513 928 1600 961 sua
1621 922 1769 962 teme-

334 990 469 1037 ritate
486 990 673 1055 quietos
690 1001 738 1038 et
756 991 974 1038 innoxios
992 990 1339 1056 aggrediantur.
1368 990 1439 1038 lbi
1462 991 1623 1056 itaque
1643 991 1769 1040 acies

334 1068 589 1129 ordinavit,
611 1069 805 1118 insidias
832 1071 880 1117 in
906 1079 1164 1137 prospectu
1181 1069 1381 1118 habens.
1410 1068 1616 1118 Herebat
1631 1086 1765 1135 ergo,

333 1147 590 1212 hostesque
627 1158 910 1215 excepturus
952 1148 1303 1215 opperiebatur.
1338 1147 1485 1196 Fulco
1517 1150 1769 1197 Conanum

334 1225 582 1274 herentem
600 1226 783 1288 videns,
817 1244 906 1275 nec
925 1226 986 1275 ab
1011 1244 1069 1276 eo
1097 1227 1207 1275 loco
1231 1227 1469 1276 exiturum
1493 1226 1531 1288 ’,
1552 1243 1664 1275 cum
1694 1227 1771 1276 in-
1795 1261 1801 1267 ι

333 1303 475 1352 sidias
493 1305 710 1365 nesciret,
735 1322 848 1353 suos
875 1305 1026 1359 multo
1050 1305 1242 1353 hortatu
1274 1303 1521 1365 suadebat,
1547 1304 1771 1370 quatinus

333 1379 606 1429 vehementi
631 1383 884 1430 conamine
915 1383 1147 1448 impetum
1164 1382 1388 1443 facerent,
1408 1382 1665 1448 hostesque
1688 1399 1770 1448 ag·

336 1458 467 1523 gredi
484 1476 584 1507 non
609 1460 906 1521 dubitarent3
935 1460 997 1508 de
1015 1461 1212 1509 victoria
1229 1477 1328 1508 non
1347 1459 1636 1521 diffiderent,
1657 1476 1769 1510 cum

335 1539 508 1585 virium
526 1555 635 1605 spes
652 1541 835 1605 optima
870 1557 970 1587 non
995 1539 1133 1601 desit,
1162 1540 1200 1588 si
1227 1540 1457 1588 Divinitas
1483 1556 1646 1588 aversa
1668 1554 1769 1587 non

335 1617 410 1664 sit.
435 1621 557 1665 Dato
588 1619 746 1684 itaque
779 1619 914 1684 signo
939 1620 1141 1667 irruunt.
1183 1618 1402 1667 Arbitrati
1435 1635 1630 1685 quoque
1659 1617 1770 1667 soli·

338 1695 456 1742 dum
474 1696 579 1756 iter,
607 1697 743 1744 fossis
763 1696 1028 1744 indubitate
1050 1697 1392 1763 propinquant.

526 1952 709 1987 LXXXV.
724 1973 773 1980 —
784 1953 1018 2001 Praecipitatio
1029 1954 1072 1977 ¹⁸¹*
1092 1954 1248 1990 hostium
1274 1966 1295 1989 a
1306 1954 1350 1977 ’⁴⁸
1365 1954 1515 1990 Conano
1525 1953 1583 1988 ”.

404 2063 622 2125 Cumque
665 2062 935 2110 Brittannos
970 2073 1101 2111 metu
1143 2063 1364 2112 herentes
1398 2063 1767 2123 arbitrarentur,

340 2137 443 2184 telis
477 2137 746 2187 obnitentes
771 2140 832 2187 ad
858 2140 1005 2189 fossas
1036 2143 1244 2201 irruunt3
1272 2142 1635 2207 precipitatique
1660 2157 1772 2189 oum

340 2217 474 2280 equis
503 2217 859 2282 inmerguntur,
887 2236 943 2266 ac
968 2236 1091 2268 caeca
1118 2221 1256 2268 ruina
1279 2220 1489 2280 confusi,
1520 2219 1583 2268 ad
1609 2219 1773 2285 viginti

339 2294 468 2342 milia
495 2295 513 2319 ²
553 2296 745 2343 inmersi
786 2307 929 2362 atque
963 2300 1222 2364 compressi
1266 2308 1391 2346 sunt.
1438 2302 1495 2347 At
1538 2298 1774 2364 posterior

338 2374 585 2434 exercitus,
600 2375 748 2440 priori
768 2377 1065 2442 precipitato,
1087 2387 1217 2442 terga
1235 2376 1383 2424 dedit.
1407 2376 1546 2425 Unde
1563 2369 1773 2425 et'Fuloo

336 2452 441 2500 vitae
458 2462 644 2500 tantum
663 2454 934 2515 consulens,
957 2455 1177 2521 profugio
1196 2455 1314 2521 eripi
1332 2453 1612 2504 conabatur.

389 2622 406 2640 ¹*
431 2620 500 2655 Dol
513 2647 523 2662 ,
541 2632 587 2655 na
601 2646 612 2662 ,
628 2621 677 2655 ho
691 2621 832 2657 abscisa.

390 2675 429 2698 ξ’
454 2676 549 2719 Prae,
567 2677 593 2711 ti
608 2689 628 2712 a
642 2704 653 2720 ,
672 2677 701 2711 C
717 2678 857 2713 abscisa.

390 2732 400 2753 ¹
428 2744 460 2768 e.
479 2731 661 2768 advertens
679 2733 776 2769 delet.

389 2797 403 2817 ¹
429 2788 510 2834 ff
520 2797 635 2832 codes.
