1890 3380
360 243 407 279 16
824 233 1038 275 menam
1070 232 1167 273 Lm.
1205 232 1281 272 ΙΙΙ.

1019 543 1118 579 XIV.

429 626 483 671 ln
506 637 601 687 qua
631 635 791 667 rerum
821 616 1153 665 distributione
1181 631 1291 663 cum
1325 614 1534 663 domnus
1562 630 1619 663 ac
1651 631 1791 664 reve-

366 700 541 750 rendus
572 696 792 746 Artoldus
824 694 1217 761 metropolitanus
1249 692 1513 741 admodum
1537 694 1587 742 in
1617 692 1696 742 die
1723 693 1790 742 la-

369 780 605 836 borasset,
633 786 680 823 et
703 790 799 841 prae
823 773 959 821 solis·
993 773 1176 821 fervore
1205 782 1306 820 toto
1329 788 1531 838 corpore
1555 772 1790 832 sudasset,

368 874 478 905 cum
497 864 676 902 vestem
695 852 939 916 abjiceret,
960 867 1046 917 per
1063 867 1210 916 poros
1238 849 1396 897 calore
1420 859 1633 915 apertos,
1652 849 1797 915 frigus

371 932 643 984 autumnale
658 931 676 956 ²
705 931 908 995 irrepsit.
928 931 1144 994 Natoque
1168 945 1225 976 ex
1250 929 1439 975 interno
1458 926 1667 992 frigdore
1687 943 1798 994 epa·

372 1014 430 1061 tis
447 1010 619 1060 morbo
633 1046 646 1069 ,
676 1008 833 1055 nimiis
849 1005 1097 1054 doloribus
1120 1005 1388 1064 consectus,
1419 1003 1573 1072 pridie
1596 1003 1795 1052 Kalend.

374 1090 545 1138 Octob.
574 1104 604 1135 a
626 1102 715 1135 suo
733 1085 984 1152 pmulam
1008 1085 1145 1133 annis
1160 1084 1178 1110 ¹
1207 1084 1382 1149 vigenti
1399 1082 1529 1132 diem
1547 1082 1655 1131 vitae
1669 1081 1803 1131 clau-

374 1173 434 1220 sit
456 1180 735 1220 extremum.

1050 1243 1132 1277 xv.

442 1326 589 1390 Cujus
606 1324 808 1391 peractis
825 1322 1056 1387 exsequiis
1066 1357 1079 1382 ,
1107 1325 1246 1386 Hugo
1264 1322 1541 1387 nuperrime
1556 1320 1655 1370 dux
1670 1323 1811 1370 Fun·

380 1420 550 1453 corum
581 1402 643 1450 ab
674 1418 785 1467 rege
808 1400 982 1460 factm,
1010 1416 1171 1464 regem
1207 1398 1483 1464 suppliciter
1506 1398 1605 1447 adit
1619 1434 1633 1458 ‚
1673 1399 1813 1466 petit-

383 1500 478 1549 que
500 1479 823 1549 pontificalem
854 1478 1132 1544 dignitatem
1157 1478 1200 1525 ei
1228 1478 1410 1526 restitui
1429 1514 1443 1539 ,
1470 1494 1530 1526 eo
1547 1476 1682 1544 quod
1712 1478 1814 1545 ipse

384 1571 494 1611 ante
526 1559 774 1609 Artoldum
799 1559 948 1624 ipsam
979 1556 1180 1623 adeptus
1215 1556 1353 1604 finerit
1368 1592 1382 1617 ‚
1421 1566 1468 1604 et
1496 1572 1598 1604 non
1623 1571 1714 1604 suo
1745 1555 1814 1605 fa-

385 1640 575 1698 cinore,
603 1636 688 1684 sed
718 1634 906 1684 Rodulfi
934 1634 1057 1699 regis
1087 1633 1289 1694 invidia,
1312 1633 1562 1682 Artoldum
1593 1634 1638 1682 ei
1654 1649 1817 1699 super-

388 1717 587 1766 ductum
626 1724 875 1763 memorat.
926 1711 1206 1761 Per-sistebat
1237 1713 1396 1778 itaque
1430 1723 1482 1760 ut
1516 1711 1811 1761 redderetur.

389 1799 448 1844 Et
479 1794 638 1843 statim
662 1792 854 1840 decreto
873 1792 888 1815 ⁸
918 1792 1048 1856 regio
1065 1827 1077 1850 ‚
1109 1791 1307 1839 sinodus
1342 1793 1681 1858 episcoporum
1709 1801 1820 1858 post

392 1872 493 1920 dies
516 1870 848 1936 quadragenos
870 1869 1096 1917 habenda
1119 1868 1355 1917 indicitur.

1052 1991 1152 2027 xvl.
1200 2009 1205 2012 ⁴

458 2061 704 2126 Colligitur
738 2076 851 2124 ergo
885 2062 1225 2109 consummatis
1261 2060 1430 2109 diebus
1466 2062 1514 2109 in
1551 2077 1675 2128 pago
1706 2062 1821 2111 Mel·

394 2140 529 2188 densi
547 2155 683 2187 secus
702 2139 899 2185 fluvium
917 2141 1204 2199 Matronam,
1226 2140 1275 2187 in
1295 2140 1401 2187 vico
1418 2140 1501 2204 qui
1518 2149 1752 2188 vocatur..
1764 2177 1818 2199 ..‚

396 2235 453 2265 ex
470 2217 687 2265 Remensi
706 2233 760 2263 ac
785 2218 1047 2264 Senonensi
1073 2218 1345 2282 provinciiS,
1374 2217 1572 2266 sinodus
1598 2217 1822 2267 tredecim

396 2295 754 2360 episcoporum,
775 2293 974 2358 praeside
991 2296 1267 2343 Senonense
1284 2294 1526 2361 pontifice.
1559 2298 1687 2345 Inter
1702 2313 1825 2362 quos

398 2373 538 2420 etiam
577 2372 784 2420 fautores
813 2372 957 2437 aliqui
991 2390 1079 2438 pro
1114 2384 1247 2438 parte
1282 2375 1492 2438 Hugonis
1513 2374 1820 2434 videbantur,

398 2461 445 2498 et
474 2450 676 2498 maxime
709 2449 771 2496 illi
804 2450 886 2514 qui
911 2450 1021 2497 duci
1049 2451 1451 2512 consuescebant,
1489 2461 1654 2519 utpote
1685 2457 1827 2505 Aure-

449 2605 459 2623 ·
484 2602 619 2637 aestatis
634 2613 717 2635 corr.
737 2601 830 2635 solis.

444 2652 459 2671 ²
484 2649 621 2695 frigoris
636 2662 719 2683 corr.
742 2648 849 2695 frigus
863 2652 1075 2686 autumnale.

446 2701 460 2718 ²
485 2709 569 2732 ann.

446 2748 460 2767 ⁴
483 2746 577 2780 iussu
597 2756 680 2777 corr.
701 2741 853 2778 decreto.
