1872 3372
373 267 447 306 138
864 264 1083 305 {uenam
1116 264 1216 307 Lm.
1251 265 1330 305 lll.

367 371 423 401 ac
451 352 659 419 desuper
689 352 815 420 palla
839 369 1081 420 purpurea
1099 354 1300 418 gemmis
1318 364 1485 402 ornata
1511 370 1726 420 auroque
1750 357 1819 405 in-

367 441 493 479 texta
516 432 746 498 operitur.
770 434 968 480 Lectum
987 447 1247 497 regnorum
1265 433 1493 500 primates
1518 431 1815 483 deferebant.

370 509 592 558 Preibant
601 510 816 578 episcopi
831 520 880 559 et
898 509 1074 571 clerus,
1096 526 1211 558 cum
1223 510 1492 575 Evangeliis
1506 520 1555 558 et
1566 509 1816 574 crucibn83

364 606 512 656 penes
527 606 651 655 quos
667 590 812 639 etiam
829 590 914 655 qui
933 589 1035 654 ejus
1049 605 1282 638 coronam
1301 589 1502 651 ferebat,
1527 589 1682 639 multo
1699 605 1819 640 auro

366 669 662 734 gemmisque
676 668 897 734 pretiosis
916 668 1169 728 nitentem,
1193 684 1305 716 cum
1330 668 1432 717 aliis
1451 668 1614 717 multis
1630 669 1821 736 insigni-

367 747 482 807 bus,
532 746 758 811 ejulando
801 745 1073 795 incedebat.
1120 746 1341 796 Funebre
1382 746 1563 809 melos,
1612 747 1821 797 lacrimis

367 824 764 891 impedientibus,
792 825 872 872 vix
899 823 1247 891 proferebatur.
1281 823 1452 874 Milites
1487 826 1631 875 etiam
1664 835 1820 875 mesto

365 902 518 963 vultu,
540 919 629 951 suo
647 886 819 951 ordine
836 901 1269 969 prosequebantur.
1296 902 1495 969 Reliqua
1511 921 1708 972 quoque
1724 921 1821 953 ma·

365 999 456 1029 nus
489 999 604 1031 cum
637 981 860 1030 lamentis
890 980 1194 1030 succedebat.
1225 981 1452 1048 Sepultus
1480 991 1553 1032 est
1576 983 1738 1033 Remis
1767 983 1818 1033 in

365 1060 590 1108 coenobio
624 1059 978 1109 monachorum
1015 1061 1166 1109 sancti
1204 1060 1426 1127 Remigii,
1466 1078 1580 1111 cum
1609 1073 1746 1129 patre
1771 1072 1820 1112 et

365 1149 544 1200 matre,
587 1140 710 1188 sicut
752 1150 865 1189 ante
910 1139 1117 1205 jusserat
1165 1140 1289 1200 suis;
1326 1140 1462 1206 quod
1497 1141 1642 1191 etiam
1683 1140 1819 1192 abest

364 1221 462 1269 240
500 1219 662 1268 stadiis
693 1219 755 1268 ab
788 1237 847 1268 eo
886 1219 1020 1278 loco,
1063 1219 1113 1266 in
1154 1236 1254 1285 quo
1283 1219 1431 1268 finem
1467 1220 1572 1269 vitae
1604 1221 1823 1288 aceepit,

367 1298 520 1349 multo
551 1297 782 1363 obsequio
808 1299 1146 1346 universorum
1173 1299 1375 1364 parique
1395 1297 1569 1348 affectu
1592 1316 1681 1367 per
1703 1309 1818 1350 tan—

369 1386 470 1423 tum
498 1376 637 1442 spatii
655 1375 905 1424 deductus.
1766 1373 1777 1388 '
