1890 3380
407 279 459 320 38
886 276 1103 317 mmmm
1137 275 1237 317 Lm.
1271 276 1350 316 111.

408 387 430 412 u
460 365 856 433 prehendendum
889 375 981 425 est,
1021 380 1133 412 cum
1166 380 1255 412 nec
1283 364 1468 428 ignavia
1504 378 1594 410 nos
1622 362 1833 429 praecipi-

407 465 430 490 κ
460 444 651 502 tavent,
690 460 777 491 nec
804 443 964 509 inopia
992 441 1055 490 ad
1084 441 1133 489 id
1158 440 1411 507 impulerit.
1455 460 1478 485 n

567 589 720 624 XXXV.
733 608 782 616 —
798 589 887 623 Item
897 588 917 609 ⁶
935 585 1158 634 indignatio·
1175 585 1361 633 primatis·
1377 585 1414 621 in
1430 584 1620 621 monacho·
1630 584 1663 618 ⁶.

468 704 491 728 «
521 686 637 742 Quae
662 684 789 731 enim
814 683 884 729 vis
916 680 1131 747 impulit,
1169 690 1222 728 ut
1257 679 1522 729 monachus
1556 680 1681 731 intra
1705 679 1832 729 clau-

403 784 426 809 «
456 773 550 812 stra
595 763 868 812 monasterii
913 761 1165 810 dominicis
1212 761 1411 808 servitiis
1461 759 1828 829 mancipandus,

401 864 423 886 «
454 852 747 909 compatrem
786 840 980 898 habeat,
1023 849 1069 887 et
1113 848 1360 905 compater
1401 837 1618 888 dicatur?
1662 841 1752 902 Et,
1798 855 1830 887 o

402 942 424 965 «
454 930 687 986 quantum
720 928 885 967 nostro
921 917 1079 965 ordini
1107 916 1384 977 dissentiat,
1420 916 1732 967 considerate.
1759 918 1826 979 Si,

401 1018 423 1042 α
455 998 678 1062 inquam,
715 1004 960 1060 compater
1002 1004 1100 1054 est,
1142 1003 1194 1041 ut
1241 1010 1268 1041 a
1310 992 1550 1042 verisimili
1582 992 1830 1060 probabile

400 1096 422 1119 «
453 1075 670 1132 efferam,
705 1089 816 1120 cum
847 1088 905 1120 eo
936 1072 1019 1136 qui
1056 1081 1192 1137 pater
1221 1081 1296 1119 est
1331 1072 1430 1137 ipse
1476 1080 1548 1120 est
1588 1080 1637 1120 et
1674 1081 1824 1138 pater.

399 1174 420 1196 «
452 1153 499 1199 si
528 1168 642 1200 vero
677 1161 812 1216 pater
843 1160 935 1210 est,
970 1149 1123 1197 filium
1152 1150 1227 1198 vel
1256 1149 1402 1197 filiam
1428 1149 1604 1199 habere
1626 1137 1829 1199 dubium

401 1249 423 1274 «
454 1245 555 1276 non
584 1238 669 1276 est.
701 1227 839 1276 Unde
875 1238 923 1276 et
952 1237 1184 1275 scortator
1208 1227 1368 1293 potius
1391 1242 1538 1292 quam
1562 1226 1829 1277 monachus

398 1305 681 1355 «dicendus
717 1316 802 1353 est.
851 1305 945 1353 Sed
991 1305 1109 1370 quid
1150 1304 1211 1352 de
1256 1303 1550 1353 commatre?
1598 1304 1729 1363 Quid
1777 1296 1828 1354 in

397 1405 421 1430 «
454 1385 550 1432 hoc
582 1385 779 1432 nomine
810 1400 838 1431 a
867 1382 1156 1431 secularibus
1194 1382 1522 1448 perpenditur,
1562 1383 1654 1432 nisi
1684 1385 1830 1451 turpi-

398 1483 420 1508 «
451 1462 628 1511 tudinis
672 1462 1021 1510 consentanea?
1060 1464 1163 1508 Hoc
1197 1460 1305 1509 licet
1343 1461 1595 1510 verisimile
1629 1461 1794 1511 dicens
1810 1499 1824 1523 ‚

398 1562 419 1586 «
452 1541 741 1589 secularibus
772 1557 872 1588 non
901 1539 1182 1606 praejudicO,
1225 1539 1310 1587 sed
1344 1550 1509 1588 nostro
1546 1539 1704 1588 ordini
1743 1540 1828 1590 illi-

400 1638 423 1663 «
451 1620 543 1666 cita
576 1616 895 1683 reprehendo.
934 1616 1079 1675 Quod
1112 1617 1224 1681 quia
1248 1617 1464 1683 ineptum
1492 1615 1697 1678 videtur,
1723 1633 1827 1665 ves·

400 1717 421 1740 α
454 1706 525 1743 tra
547 1695 931 1743 interminatione
957 1694 1271 1742 inhibendum
1302 1705 1387 1742 est.
1426 1714 1450 1739 »
1485 1695 1568 1742 His
1596 1711 1827 1744 veneran-

401 1772 544 1820 «dus
593 1771 987 1837 metropolitanus
1041 1771 1329 1837 subjungens
1378 1790 1388 1818 :
1437 1791 1462 1817 «
1507 1772 1556 1819 Si
1605 1791 1628 1817 n
1673 1773 1826 1838 inquit

399 1871 421 1895 «
452 1849 606 1915 placet
629 1850 823 1910 sinod0,
861 1849 1183 1898 interdicetur.
1216 1870 1240 1895 »
1274 1849 1480 1897 Sinodus
1503 1850 1653 1898 dixit:
1691 1870 1716 1897 «
1749 1854 1826 1899 In·

398 1949 420 1972 «
451 1927 721 1975 tei-dicatur.
760 1946 783 1971 υ
820 1927 1169 1993 Metropolitani
1203 1929 1362 1993 itaque
1382 1929 1685 1990 auctoritate,
1721 1945 1824 1978 om·

393 2007 526 2054 nium
545 2022 783 2053 consensu
807 2005 1062 2053 inhibitum
1091 2016 1175 2054 est.

673 2152 813 2188 XXXV
815 2154 846 2187 1.
859 2172 908 2180 —
923 2152 1085 2188 Secunda
1096 2153 1139 2175 ’⁵’
1159 2153 1319 2201 primatis
1333 2154 1484 2202 objectio
1494 2153 1553 2190 ”-

456 2250 727 2313 Rursusque
751 2249 928 2313 primas
947 2265 1142 2296 exorsus
1163 2267 1173 2296 :
1200 2268 1223 2293 «
1246 2249 1414 2297 Adhuc
1443 2268 1466 2294 »
1487 2250 1641 2316 inquit
1667 2270 1691 2295 ι(
1718 2266 1825 2298 nos-

394 2344 418 2370 «
445 2334 521 2372 tro
562 2325 720 2372 ordini
764 2326 954 2372 inimica
992 2326 1248 2391 proferam.
1291 2330 1344 2374 ln
1384 2344 1481 2392 quo
1512 2327 1708 2393 quidam
1752 2327 1824 2377 di-

392 2423 415 2447 «
445 2413 726 2463 noscuntur,
760 2403 933 2468 quibus
960 2420 1066 2451 mos
1088 2405 1305 2466 inolevit,
1338 2416 1391 2454 ut
1414 2406 1502 2454 soli
1527 2423 1555 2454 a
1584 2417 1822 2456 monaste·

391 2498 414 2523 «
444 2479 524 2527 riis
554 2479 909 2544 egrediantur'‚
949 2480 1037 2528 soli
1071 2480 1183 2529 foris
1225 2482 1358 2531 nullo
1395 2484 1466 2532 sui
1504 2484 1662 2550 operis
1702 2493 1820 2533 teste

433 2651 454 2674 ³
480 2652 497 2686 1
510 2677 521 2695 ,
538 2652 621 2696 ind,
639 2654 772 2700 prima,
796 2655 947 2689 monach
964 2655 1100 2689 abvcisa.

431 2707 472 2731 *ὓ
496 2708 667 2753 secunda,
690 2711 749 2757 obj
767 2711 904 2745 abscisa.

435 2766 443 2781 ¹
472 2773 595 2800 exeant
611 2778 692 2800 corr.
717 2766 949 2813 egrediantur.
