1890 3380
341 265 397 303 60
827 259 1049 302 RICHERI
1080 259 1181 301 LIB.
1215 258 1294 299 ΠΙ.

384 387 486 423 Lm.
503 406 552 416 —
569 387 655 424 Ali·
672 389 692 411 ⁰
720 398 829 436 opera
846 386 1058 435 compositio
1076 387 1097 408 θ
1123 385 1231 434 signis
1247 383 1501 433 cognoscendi·
1516 383 1539 407 ⁹
1563 382 1694 421 idon·
1710 385 1746 420 ⁸.

408 483 535 533 Fecit
559 494 728 551 praeter
754 484 855 532 hoec
878 499 1067 551 speram
1098 482 1296 531 alteram
1327 481 1627 542 circularem,
1660 480 1786 531 intra

340 579 489 629 quam
515 562 719 612 circulos
743 562 940 628 quidem
960 579 1060 610 non
1079 560 1349 622 collocavit,
1370 560 1454 609 sed
1474 559 1683 626 desuper
1697 557 1788 609 ferb

342 642 434 690 reis
473 651 616 707 atque
655 643 788 691 aereis
831 641 921 689 filis
955 641 1202 705 signorum
1246 638 1421 703 figuras
1459 637 1782 705 complicavit.

344 720 549 786 Axisque
573 720 706 778 loco,
739 719 946 768 fistulam
973 718 1182 783 trajecit,
1221 734 1308 784 per
1333 733 1480 783 quam
1509 716 1653 785 polus
1689 732 1787 765 οω-

342 798 470 847 lestis
512 808 761 847 notaretur
778 834 792 858 ,
851 807 903 846 ut
961 813 1020 845 eo
1067 805 1320 863 perspecto
1338 832 1352 856 ‚
1406 794 1630 844 machina
1663 794 1788 843 eoelo

342 885 601 942 aptaretur.
624 876 763 925 Unde
778 886 826 925 et
846 876 1024 924 factum
1040 885 1129 935 est,
1151 884 1205 923 ut
1225 874 1524 940 singulorum
1542 874 1791 940 signorum

342 953 508 1014 stellae,
540 954 737 1019 singulis
760 953 904 1017 hujus
933 969 1083 1019 sperae
1105 953 1250 1018 signis
1278 951 1632 1001 clauderentur.
1667 950 1790 1001 mud

340 1048 536 1097 quoque
560 1032 610 1079 in
637 1031 728 1079 hac
749 1031 968 1079 divinum
990 1031 1103 1093 fuit,
1131 1031 1266 1098 quod
1302 1047 1415 1079 cum
1442 1030 1613 1097 aliquis
1638 1040 1791 1079 artem

342 1110 603 1174 ignoraret,
650 1111 690 1158 si
723 1127 877 1160 unum
907 1110 953 1158 ei
991 1111 1182 1175 signum
1221 1109 1607 1157 demonstratum
1639 1108 1788 1169 foret,

341 1186 522 1252 absque
541 1188 767 1253 magistro
799 1197 956 1236 cetera
980 1205 1068 1255 per
1091 1204 1282 1254 speram
1310 1196 1639 1253 cognosceret.
1672 1186 1811 1237 Inde.

341 1265 485 1314 etiam
504 1283 617 1314 suos
635 1266 891 1316 liberaliter
919 1267 1153 1316 instruxit.
1190 1270 1343 1333 Atque
1369 1266 1472 1315 haec
1508 1276 1707 1316 actenus
1730 1265 1794 1316 de

340 1344 648 1392 astronomia.

746 1429 844 1464 LIV.
862 1449 911 1457 —
926 1429 1111 1465 Confectio
1127 1430 1170 1453 θ’
1191 1430 1293 1465 abaci
1307 1429 1364 1464 ⁴¹⁴.

413 1526 466 1570 ln
483 1525 743 1588 geometria
760 1541 877 1572 vero
896 1525 907 1548 ⁴
941 1541 1040 1572 non
1067 1525 1227 1572 minor
1245 1524 1294 1571 in
1315 1523 1541 1573 docendo
1557 1522 1695 1572 labor
1718 1539 1794 1571 ex·

345 1618 523 1667 pensus
542 1612 628 1650 est.
652 1603 798 1667 Cujus
820 1603 1187 1664 introductioni,
1217 1602 1446 1663 abacum,
1478 1601 1527 1650 id
1556 1612 1629 1651 est
1656 1601 1795 1650 tabu·

345 1680 440 1727 lam
460 1680 841 1729 dimensionibus
865 1692 1050 1748 aptam,
1073 1699 1221 1748 opere
1246 1682 1437 1729 scutarii
1455 1680 1625 1729 effecit.
1646 1680 1793 1747 Cujus

345 1757 654 1824 longitudini,
684 1760 733 1808 in
753 1770 936 1827 septem
962 1772 1009 1809 et
1031 1762 1196 1826 viginti
1214 1760 1429 1827 partibus
1446 1759 1678 1820 diductae,
1706 1775 1795 1808 no-

345 1854 455 1885 vem
481 1855 685 1886 numero
704 1848 842 1886 notas
861 1856 1057 1887 omnem
1083 1856 1338 1887 numerum
1361 1837 1681 1904 significantes
1704 1837 1797 1887 dis-

345 1916 521 1981 posuit.
550 1916 621 1963 Ad
645 1933 850 1982 quarum
875 1918 1018 1965 etiam
1035 1917 1412 1976 similitudinem,
1435 1916 1565 1965 mille
1589 1933 1795 1967 corneos

345 1991 501 2040 effecit
526 2004 805 2055 caracteres,
836 1996 918 2060 qui
938 2012 1024 2062 per
1050 2006 1233 2062 septem
1259 2005 1307 2044 et
1332 1996 1499 2061 viginti
1523 1994 1660 2044 abaci
1675 2010 1796 2071 par·

345 2081 416 2119 tes
451 2073 676 2133 mutuati,
715 2073 946 2138 cujusque
981 2074 1169 2122 numeri
1207 2073 1655 2140 multiplicationem
1693 2074 1794 2125 sive

346 2149 630 2199 divisionem
678 2151 1005 2217 designarent3
1059 2162 1193 2200 tanto
1235 2151 1529 2218 compendio
1564 2166 1793 2200 numero-

347 2245 454 2276 rum
486 2229 842 2277 multitudinem
875 2230 1141 2279 dividentes
1182 2229 1259 2278 vel
1301 2229 1697 2296 multiplicanteS,
1739 2239 1794 2278 ut

346 2323 444 2373 prae
473 2308 621 2356 nimia
653 2309 994 2357 numerositate
1027 2310 1188 2375 potius
1227 2308 1422 2374 intelligi
1456 2325 1603 2374 quam
1634 2307 1795 2357 verbis

346 2384 558 2434 valerent
596 2386 800 2434 ostendi.
841 2389 1062 2446 Quorum
1095 2387 1341 2439 scientiam
1380 2388 1463 2453 qui
1492 2386 1556 2435 ad
1594 2386 1795 2454 plenum

347 2464 467 2512 scire
496 2464 757 2524 desiderat,
787 2465 910 2531 legat
937 2465 1039 2530 ejus
1063 2465 1240 2514 librum
1272 2483 1419 2532 quem
1441 2465 1604 2514 scribit
1633 2465 1697 2515 ad
1731 2468 1787 2516 C.

395 2610 417 2634 ’
441 2610 534 2655 Alia,
557 2622 684 2658 comp,
707 2623 821 2657 cogn,
847 2611 908 2646 ido
930 2611 1071 2646 abscisa.

392 2667 436 2691 ’⁶
455 2667 583 2711 conse,
604 2668 637 2702 ci
658 2667 798 2702 abscisa.

397 2729 408 2749 ¹
430 2740 516 2764 vem
531 2728 590 2763 cni
604 2728 696 2763 nihil
714 2736 795 2763 ante
814 2727 936 2764 Gallia
958 2729 1127 2776 scriptum
1151 2728 1342 2773 habebant,
1367 2738 1520 2776 quantus
1536 2728 1638 2765 labor
1658 2740 1791 2776 expen-

348 2802 406 2825 sus
421 2790 485 2834 sit,
508 2801 625 2825 sermo
645 2789 761 2837 impar
781 2788 898 2824 dicere
922 2802 993 2824 non
1017 2789 1145 2825 sufficit
1168 2789 1289 2824 deleta.

1846 19 1861 89 ,ξ
