1872 3372
367 248 449 288 22⁴
860 248 1078 289 RlCHERl
1112 249 1210 289 Lm.
1247 250 1317 289 lv.

366 347 509 403 atque
535 337 842 403 interpretem
880 338 1317 387 accommodarent.
1358 338 1608 387 Judicandi
1650 340 1811 406 imque

366 415 595 482 dignitas,
633 417 830 480 Signino
869 418 1218 465 senonensium
1269 418 1640 483 metropolitano
1679 435 1812 468 com-

367 496 509 543 missa
534 504 632 554 est,
665 511 724 542 eo
759 495 892 560 quod
923 496 1069 543 aetatis
1101 497 1386 557 reverentia,
1422 507 1470 544 et
1502 497 1608 545 vitae
1640 498 1811 546 merito

367 572 629 639 plurimum
672 573 1108 621 commendaretur.
1159 573 1426 623 Ordinandi
1465 591 1580 623 vero
1617 574 1814 624 facultas

366 666 422 698 ac
460 649 782 714 magisterium
830 650 1211 716 interpretandi,
1261 651 1456 699 Arnulfo
1491 651 1815 701 Aurelianensi

366 728 594 793 episcopo
632 726 813 775 credita
849 738 942 787 est,
982 745 1041 776 eo
1087 729 1222 794 quod
1259 730 1359 796 ipse
1395 730 1518 778 inter
1554 729 1813 780 Galliarum

366 810 642 875 episcopm,
674 809 853 875 eloquii
876 810 1050 859 virtute
1074 821 1122 859 et
1146 811 1348 860 efficatia
1369 811 1563 861 dicendi
1592 811 1809 861 florebat.

370 887 450 933 His
475 903 590 951 ergo
629 887 695 935 sic
723 887 895 935 habitis
915 924 927 947 ‚
962 898 1071 954 post
1097 889 1212 938 cleri
1245 890 1538 956 ingressum,
1571 889 1816 941 sententiis

368 965 430 1012 ad
456 967 702 1031 negotium
734 966 1014 1015 facientibus
1041 968 1245 1016 recitatis
1262 1005 1275 1029 ‚
1306 967 1531 1017 Arnulfus
1559 969 1627 1018 sic
1652 968 1816 1036 praefa-

371 1055 445 1092 tus
478 1046 543 1092 ait
569 1065 579 1092 ε

680 1154 782 1188 LIII.
795 1174 845 1181 —-
856 1155 1019 1190 Elocutio
1029 1155 1051 1179 θ
1074 1156 1211 1190 Arnulfi
1230 1156 1251 1178 '⁵
1272 1156 1308 1191 in
1321 1157 1342 1179 ³
1359 1155 1500 1192 sinodo.

438 1278 461 1303 «
485 1259 726 1317 Quoniam
745 1270 903 1324 patres
924 1259 1192 1320 reverendi,
1217 1261 1630 1310 serenissimorum
1648 1255 1815 1327 regum

373 1357 395 1382 «
421 1337 555 1402 jussu
568 1373 580 1397 ‚
604 1355 796 1385 necnon
815 1348 862 1385 et
881 1354 1024 1386 sacrae
1043 1338 1284 1403 religionis
1308 1355 1451 1387 causa
1474 1336 1571 1387 huc
1588 1339 1816 1389 conveni-

374 1436 397 1460 «
428 1433 565 1473 mus,
611 1415 759 1463 multa
797 1415 922 1476 fide,
963 1416 1116 1464 multo
1156 1417 1299 1464 etiam
1341 1417 1500 1466 studio
1546 1416 1814 1466 cavendum

374 1514 397 1538 «
427 1494 635 1554 videtur,
663 1511 725 1542 ne
745 1511 834 1541 nos
856 1495 939 1560 qui
959 1496 1106 1560 gratia
1125 1496 1283 1543 Sancti
1306 1497 1508 1565 Spiritus
1529 1495 1610 1545 hic
1626 1495 1814 1553 collecti

375 1592 398 1616 «
428 1589 617 1631 sumus,
646 1582 728 1619 aut
748 1572 915 1620 odium
935 1574 1157 1638 alicujus,
1190 1584 1273 1622 aut
1290 1591 1444 1634 amor,
1467 1591 1496 1622 a
1519 1573 1815 1623 rectitudinis

375 1670 396 1694 α
428 1667 599 1697 norma
638 1651 906 1699 exorbitare
947 1652 1098 1699 faciat.
1147 1656 1205 1700 Et
1248 1653 1360 1718 quia
1399 1652 1480 1700 hic
1529 1653 1578 1700 in
1618 1653 1815 1700 nomine

375 1750 397 1773 «
428 1730 623 1778 Domini
659 1729 847 1778 collecti
892 1748 1078 1791 sumuS,
1121 1742 1231 1779 ante
1268 1741 1582 1797 conspectum
1618 1748 1816 1779 summae

375 1828 397 1851 «
429 1808 722 1869 Divinitatis,
758 1808 976 1856 veridicis
996 1810 1241 1858 sententiis
1269 1810 1501 1858 debemus
1534 1810 1698 1857 omnia
1725 1811 1817 1876 agi-

374 1907 397 1930 «
429 1896 553 1945 tare3
577 1887 694 1934 nulli
714 1887 944 1952 loquendi
961 1888 1124 1936 locum
1139 1890 1397 1954 surripere3
1420 1889 1604 1937 veritati
1618 1904 1817 1954 operam

374 1985 397 2009 «
428 1964 564 2025 dare3
599 1982 687 2030 pro
723 1968 919 2015 veritate
947 1968 1172 2018 vivaciter
1211 1978 1358 2029 stare3
1395 1978 1565 2017 contra
1593 1967 1810 2033 objecta,

373 2061 397 2086 «
425 2042 717 2107 simplicibus
751 2061 805 2092 ac
839 2047 971 2110 puris
1013 2047 1257 2094 sententiis
1289 2058 1337 2095 et
1363 2046 1613 2095 intendere
1639 2056 1687 2095 et
1720 2063 1814 2095 res-

375 2139 397 2163 «
428 2120 659 2184 pondere.
689 2123 956 2188 Unicuique
975 2124 1163 2172 debitus
1182 2125 1343 2173 honor
1366 2135 1601 2186 servetur3
1623 2124 1815 2174 dicendi

375 2216 397 2240 α
428 2207 636 2262 potestas
668 2200 893 2249 omnibus
911 2203 985 2250 sit.
1023 2203 1308 2251 Intendendi
1328 2205 1471 2252 etiam
1490 2215 1539 2253 et
1569 2203 1815 2253 refellendi

376 2293 399 2317 «
430 2273 636 2335 libertas,
658 2278 884 2326 omnibus
901 2296 1124 2328 concessa
1141 2283 1216 2329 sit.
1240 2285 1376 2329 Nunc
1393 2282 1570 2331 deinde
1584 2284 1813 2348 quoniam

376 2372 398 2395 ’.ι
430 2369 508 2400 me
528 2364 638 2402 ante
663 2372 832 2404 omnes
863 2357 949 2405 sari
970 2359 1208 2420 voluistis,
1234 2376 1427 2407 causam
1453 2359 1596 2425 hujus
1614 2359 1773 2413 sinodi
1794 2361 1804 2384 ¹

377 2450 399 2474 «
429 2447 594 2479 coram
619 2432 902 2483 edicendam
932 2437 1152 2499 arbitror,
1190 2439 1414 2505 quatinus
1444 2437 1570 2486 bene
1600 2437 1780 2504 digesta
1797 2474 1811 2498 ‚

378 2530 401 2553 «
431 2509 656 2558 omnibus
678 2523 729 2560 ut
762 2524 832 2562 est
869 2515 1101 2572 videatur.
1143 2517 1408 2567 Clarissima
1441 2517 1520 2566 illa
1555 2519 1815 2565 Remorum

378 2609 399 2631 «
431 2590 732 2656 metropolis,
767 2593 1042 2658 proditione
1083 2600 1238 2662 nuper
1271 2613 1468 2662 pervasa
1504 2595 1566 2645 ab
1599 2594 1818 2644 hostibus

423 2724 442 2743 '³¹
467 2723 508 2757 El
522 2750 532 2766 ,
557 2726 694 2759 Amulfi
711 2727 747 2760 in
765 2728 903 2763 abscisa.

425 2779 434 2798 ¹
461 2779 577 2815 sinoni
594 2780 668 2816 cod.
