1890 3380
384 261 437 301 46
858 257 1077 300 menam
1110 257 1207 298 LlB.
1241 255 1320 296 111.

673 383 807 418 XLIII.
826 402 874 410 —-
890 380 1068 417 Adventus
1086 380 1247 415 Ger-berti
1264 381 1300 415 in
1319 380 1470 416 Galliam
1482 381 1515 414 ’-

442 496 529 542 Cui
555 496 695 543 etiam
721 511 830 542 cum
856 492 984 559 apud
1015 509 1116 540 sese
1143 508 1286 558 super
1320 492 1415 541 hoc
1446 492 1603 558 aliqua
1639 490 1813 540 delibe-

380 583 523 632 raret,
561 573 621 620 ab
648 574 747 639 ipsa
765 572 1020 619 Divinitate
1047 570 1252 618 directus
1276 580 1346 618 est
1377 570 1634 618 Gerbertus
1652 570 1689 630 ¹,
1717 585 1813 617 ma·

380 651 459 715 gni
486 651 660 715 ingenii
687 667 742 697 ac
774 649 879 697 miri
916 648 1091 713 eloquii
1127 649 1215 707 vir,
1249 664 1347 713 quo
1372 648 1682 715 postmodum
1714 657 1812 696 tota

379 727 554 788 Gallia,
583 729 678 775 acsi
697 728 890 775 lucerna
921 726 1134 783 ardente,
1168 725 1465 774 vibrabunda
1489 725 1682 775 refulsit.
1719 725 1814 784 Qui

381 807 641 870 Aquitanus
674 822 863 870 genere,
903 805 949 851 in
983 803 1204 851 coenobio
1229 804 1379 851 sancti
1402 803 1686 852 confessoris
1722 804 1817 852 Ge-

381 883 504 930 roldi
541 900 568 930 a
604 899 756 949 puero
787 882 951 942 alitus,
988 891 1035 929 et
1075 882 1379 946 grammatica
1409 880 1607 931 edoctus
1638 890 1725 930 est.
1759 883 1813 929 ln

383 978 482 1026 quo
508 971 676 1027 utpote
709 960 985 1008 adolescens
1012 977 1123 1007 cum
1167 958 1325 1007 adhuc
1364 960 1571 1008 intentus
1607 973 1816 1008 morare-

381 1049 473 1099 tur,
498 1038 778 1098 Borrellum,
801 1039 1031 1086 citerioris
1050 1038 1283 1104 Hispaniae
1301 1037 1492 1098 ducem,
1513 1036 1684 1085 orandi
1708 1053 1813 1103 gra·

382 1117 443 1163 tia
468 1116 529 1163 ad
555 1115 684 1163 idem
710 1115 984 1163 coenobium
1017 1116 1213 1180 contigit
1242 1114 1504 1163 devenisse.
1540 1115 1634 1174 Qui
1666 1130 1695 1163 a
1722 1113 1816 1163 loci

379 1192 551 1241 abbate
580 1193 922 1241 humanissime
955 1203 1176 1259 exceptus
1192 1228 1205 1253 ‚
1234 1202 1343 1259 post
1375 1209 1618 1241 sermones
1647 1191 1818 1258 quotli-

381 1271 462 1319 bet
478 1272 517 1331 ²‚
532 1288 593 1319 an
614 1272 662 1319 in
683 1272 862 1320 artibus
875 1272 1069 1338 perfecti
1083 1271 1131 1318 in
1148 1270 1383 1337 Hispaniis
1399 1269 1683 1330 habeantur,
1708 1270 1818 1319 scis*

381 1350 565 1397 citatur.
598 1350 742 1407 Quod
760 1367 870 1397 cum
889 1350 1241 1415 promptissime
1267 1359 1516 1408 assereret,
1540 1348 1585 1396 ei
1608 1364 1722 1396 mox
1755 1347 1817 1396 ab

381 1428 551 1476 abbate
581 1444 859 1493 persuasum
893 1438 961 1475 est
1002 1437 1054 1474 ut
1083 1443 1280 1474 suorum
1309 1426 1515 1491 aliquem
1539 1427 1814 1492 susciperet,

381 1523 639 1571 secumque
650 1508 698 1554 in
714 1506 893 1554 artibus
909 1506 1184 1554 docendum
1199 1506 1410 1554 duceret.
1427 1508 1534 1553 Dux
1542 1506 1702 1571 itaque
1716 1522 1817 1554 non

382 1584 622 1644 abnuens,
651 1586 828 1651 petenti
853 1584 1107 1631 liberaliter
1130 1584 1259 1644 favit,
1282 1601 1337 1631 ac
1360 1584 1559 1632 &anum
1581 1600 1818 1632 consensu

382 1663 667 1710 Gerbertum
700 1673 996 1728 assumptum
1024 1663 1173 1722 duxit,
1206 1672 1347 1727 atque
1373 1662 1566 1710 Hattoni
1589 1662 1816 1729 episcopo

383 1742 717 1789 instruendum
744 1741 997 1789 commisit.
1029 1740 1167 1806 Apud
1197 1757 1343 1805 quem
1379 1741 1521 1789 etiam
1545 1741 1594 1788 in
1619 1740 1819 1789 mathesi

381 1819 642 1886 plurimum
682 1830 729 1867 et
769 1819 1021 1867 efficaciter
1057 1818 1253 1867 studuit.
1296 1819 1389 1867 Sed
1429 1835 1541 1867 cum
1585 1818 1818 1867 Divinitas

382 1897 583 1945 Galliam
613 1898 713 1962 jam
746 1898 1026 1962 caligantem
1066 1914 1240 1963 magno
1274 1897 1455 1946 lumine
1489 1896 1700 1946 relucere
1734 1913 1820 1945 vo·

381 1975 492 2036 luit,
533 1976 766 2041 praedictis
801 1977 911 2024 duci
944 1987 991 2024 et
1032 1977 1258 2043 episcopo
1299 1986 1511 2025 mentem
1554 1975 1716 2036 dedit,
1765 1985 1819 2023 ut

383 2055 584 2102 Romam
618 2055 794 2102 oraturi
823 2065 1054 2121 peterent.
1094 2055 1366 2120 Paratisque
1390 2053 1692 2114 necessariis,
1729 2053 1818 2101 iter

381 2143 605 2199 carpunt,
647 2150 702 2181 ac
738 2133 1089 2181 adolescentem
1124 2134 1433 2180 commissum
1466 2147 1629 2180 secum
1670 2130 1818 2179 dedu·

381 2220 511 2258 cunt.
551 2211 667 2259 lnde
704 2210 881 2258 Urbem
912 2211 1123 2275 ingressi,
1152 2220 1260 2277 post
1284 2227 1460 2276 praeces
1484 2219 1595 2258 ante
1627 2218 1817 2257 sanctos

381 2288 621 2353 apostolos
660 2288 844 2348 effusaS‚
879 2289 1028 2337 beatae
1057 2289 1399 2338 recordationis
1435 2303 1694 2355 papam....
1738 2285 1818 2335 ad-

381 2375 513 2427 eunt,
541 2383 597 2414 ac
621 2383 722 2414 sese
752 2368 794 2414 ei
826 2367 1037 2415 indicant
1052 2404 1065 2428 ‚
1094 2366 1322 2433 quodque
1351 2367 1506 2414 visum
1535 2375 1606 2414 est
1635 2363 1698 2412 de
1727 2378 1815 2412 suo

375 2444 718 2507 jocundissime
752 2445 1046 2510 impertiunt.

427 2616 448 2638 '⁸'
468 2615 620 2651 Galliam
634 2615 805 2651 abscisum.

430 2673 441 2693 ¹
467 2678 538 2719 3¹³·
557 2672 673 2707 codex.

427 2730 442 2749 ⁸
466 2737 605 2764 mutuos
623 2742 706 2763 corr.
725 2730 907 2775 quotlibet.
