1872 3372
347 259 399 298 88
828 258 1048 300 menam
1076 258 1175 299 Lm.
1210 258 1285 298 111.

347 345 523 395 Gallias
552 348 619 395 ire
649 346 862 413 parabat.
895 349 990 395 Nec
1025 356 1236 395 moratus
1265 346 1518 414 praemissis
1548 348 1787 397 centurio-

348 427 489 476 nibus
520 427 632 476 ibat.
663 428 866 476 Galliam
894 429 1110 477 celticam
1137 429 1344 478 exercitu
1371 428 1599 494 implevit.
1628 429 1786 488 Quam

346 508 518 574 partim
544 507 835 566 combussit,
867 508 1039 573 partim
1066 506 1386 574 depopulatus
1423 517 1508 555 est.
1538 507 1615 555 Sic
1644 508 1786 556 etiam

347 603 480 634 versa
506 588 605 634 vice
632 586 907 635 Lotharium
933 587 1169 651 adurgens
1186 622 1198 646 ‚
1229 604 1288 635 eo
1318 587 1451 652 quod
1479 586 1682 635 militum
1708 602 1789 636 oo·

346 666 474 729 piam
506 682 604 712 non
637 665 850 724 haberet,
887 666 1087 713 fluvium
1117 669 1388 731 Sequanam
1422 667 1623 714 transire
1661 682 1789 715 com-

346 742 492 808 pulit,
534 753 581 790 et
605 742 963 807 gemebundum
998 743 1059 792 ad
1086 744 1261 792 ducem
1292 745 1361 792 ire
1390 745 1562 810 coegit.
1595 743 1788 793 Turbati

346 838 459 885 ergo
487 822 739 886 repentino
770 821 981 869 hostium
1018 821 1227 870 adventu
1245 859 1257 882 ‚
1296 840 1378 871 rex
1403 825 1621 890 Stampas
1650 822 1784 884 adiit,

344 899 442 946 dux
483 916 599 947 vero
633 900 694 948 ad
734 900 1058 965 colligendum
1098 903 1358 949 exercitum
1391 902 1555 950 Parisii
1593 901 1783 950 resedit.

346 980 471 1025 Dum
501 977 602 1025 haec
630 988 857 1042 aguntur,
893 981 1009 1026 Otto
1035 994 1146 1026 cum
1179 980 1387 1027 exercitu
1412 989 1668 1047 properat,
1708 979 1788 1028 fis-

343 1069 550 1117 cumque
576 1053 760 1117 regium
792 1053 1054 1100 atiniacum
1085 1052 1247 1120 diripit
1271 1064 1414 1119 atque
1438 1052 1707 1115 comburit3
1741 1064 1790 1104 et

343 1147 430 1197 per
462 1130 581 1178 lines
611 1130 743 1178 urbis
783 1132 1041 1178 Remorum
1074 1132 1333 1192 transienS,
1375 1142 1543 1182 sancto
1574 1133 1788 1199 Remigio

345 1212 549 1260 multum
581 1212 821 1260 honorem
864 1211 1094 1260 exhibuit.
1140 1212 1316 1260 Urbem
1357 1230 1553 1279 quoque
1594 1215 1813 1264 suessos

344 1307 453 1339 rum
474 1301 857 1357 praetergressus,
891 1303 938 1338 et
963 1301 1181 1338 sanctum
1212 1291 1497 1339 Medardum
1524 1308 1786 1354 venerans,

343 1369 573 1435 palatium
610 1369 994 1436 Compendiense
1042 1386 1166 1435 pene
1224 1369 1435 1436 diripuit.
1482 1373 1579 1419 Nec
1630 1371 1790 1420 minua

343 1449 650 1497 centuriones
675 1449 837 1514 praevii
862 1465 921 1495 eo
947 1448 1197 1513 ignorante
1225 1458 1398 1496 sanctae
1436 1449 1647 1498 Baltildis
1679 1466 1790 1498 mo-

345 1528 605 1574 nasterium
660 1526 789 1592 apud
839 1526 1009 1574 Chelas
1063 1527 1253 1592 penitus
1306 1527 1596 1576 subruerunt
1645 1538 1789 1595 atque

345 1609 728 1657 combusserunt.
773 1608 915 1667 Quod
944 1626 1043 1656 non
1075 1609 1381 1657 mediocriter
1409 1609 1604 1671 dolens,
1638 1610 1789 1659 multa

347 1688 395 1735 in
425 1688 526 1752 ejus
555 1688 949 1735 restaurationem
977 1687 1226 1752 delegavit.
1260 1688 1473 1736 Tandem
1501 1688 1564 1737 ad
1589 1689 1790 1738 fluvium

346 1768 616 1831 Sequanam
661 1766 880 1825 accessit,
930 1766 1092 1831 ibique
1140 1766 1371 1814 exercitus
1416 1767 1620 1814 tentoria
1669 1765 1786 1828 fixit,

346 1845 580 1893 Parisium
604 1845 653 1891 in
685 1854 944 1910 prospectu
973 1845 1183 1904 habens,
1214 1854 1460 1910 totamque
1488 1862 1614 1912 pene
1638 1845 1790 1911 regio·

347 1940 460 1971 nem
485 1940 571 1988 per
595 1922 806 1970 triduum
833 1923 1152 1989 depopulatus
1180 1934 1265 1971 est.

995 2041 1142 2075 LXXV.

414 2128 551 2176 Ibant
581 2146 695 2193 ergo
722 2130 906 2194 equites
936 2146 1048 2177 cum
1080 2129 1184 2176 lixis
1211 2129 1483 2195 palantibus
1512 2128 1576 2176 ad
1610 2128 1790 2176 victum

349 2206 663 2255 deferendum
678 2244 690 2267 ,
723 2207 886 2255 stadiis
916 2218 1110 2255 centum
1142 2218 1189 2254 et
1217 2208 1456 2271 sexaginta
1483 2207 1792 2272 circumqua-

348 2303 459 2351 que.
483 2289 541 2332 Et
558 2286 671 2350 quia
686 2287 905 2351 Sequana
925 2285 1226 2333 interfluebat
1242 2322 1254 2343 ‚
1283 2294 1452 2332 neuter
1476 2285 1710 2332 exercitus
1729 2284 1791 2332 ad

349 2381 399 2412 se
424 2364 696 2412 accedebat.
734 2367 840 2411 Dux
869 2365 995 2411 enim
1032 2365 1079 2411 in
1118 2363 1263 2411 altera
1295 2364 1426 2410 fluvii
1453 2372 1588 2430 parte
1618 2362 1792 2411 milites

349 2442 628 2507 colligebat;
650 2453 698 2489 at
716 2442 809 2489 hoc
832 2442 1042 2489 triduum
1064 2459 1161 2489 non
1184 2441 1448 2489 sufficiebat
1474 2442 1536 2490 ad
1563 2441 1790 2508 colligen-

348 2524 525 2572 dorum
551 2523 881 2572 sufficientiam
914 2524 1145 2583 militum,
1183 2541 1271 2571 nec
1310 2523 1412 2571 lieri
1448 2524 1606 2590 potuit
1651 2522 1790 2590 copia

350 2602 479 2652 unde
503 2602 875 2667 congrederetur
901 2601 933 2648 ¹.

396 2736 405 2755 ¹
434 2734 508 2769 cod.
529 2736 601 2770 Nec
621 2734 939 2782 praetermittendus
958 2735 1096 2770 videtur
1110 2747 1313 2782 congressus
1331 2734 1486 2769 duorum
1501 2761 1510 2776 ,
1531 2745 1683 2780 quorum
1703 2734 1790 2768 alter

346 2793 563 2834 GermanuS,
582 2791 668 2826 alter
692 2805 774 2825 vero
794 2792 914 2826 Gallus
932 2792 1007 2826 fuit.
1028 2793 1118 2826 Cum
1144 2800 1290 2837 uterque
1306 2790 1425 2824 deleta.
