1872 3372
393 309 474 352 274
886 309 1109 351 menam
1138 311 1240 353 Lm.
1274 312 1345 351 lv.

391 396 690 459 relaxandos,
713 398 848 463 juxta
876 398 1010 465 quod
1031 400 1261 467 scriptum
1281 411 1351 449 est
1373 420 1383 448 :
1422 402 1679 451 Consilium
1701 421 1735 452 a
1749 422 1823 452 sa»

382 478 544 542 pe'enoe
558 478 799 543 perquire.
832 476 1013 526 Placuit
1029 496 1224 544 quoque
1248 480 1438 539 sanciri,
1459 479 1498 528 si
1521 480 1638 546 quid
1652 497 1681 529 a
1698 498 1823 550 papa

388 557 604 603 Romano
628 565 796 603 contra
817 565 1008 622 patrum
1036 556 1228 605 decreta
1254 568 1604 623 suggereretur,
1633 575 1820 610 cassum

385 643 433 682 et
452 635 636 682 irritum
671 632 791 694 fieri,
823 634 957 699 juxta
982 635 1115 700 quod
1147 636 1390 702 apostolus
1426 637 1513 685 ait:
1549 640 1818 687 Hemtieum

380 713 616 760 hominem
644 723 693 759 et
719 711 779 759 ab
803 713 1001 760 ecclesia
1036 712 1400 772 dissentientem,
1429 717 1624 780 penitus
1644 714 1811 764 devita.

381 794 475 838 Nec
494 791 652 838 minus
670 790 1021 838 abdicationem
1047 791 1226 839 Arnulfi
1257 803 1305 840 et
1327 794 1685 858 promotionem
1702 797 1817 843 Ger-

375 868 513 929 berti‚
541 878 686 935 prout
700 868 761 916 ab
779 869 846 916 eis
862 868 1089 917 ordinatae
1101 879 1149 917 et
1166 881 1367 936 peractae
1391 882 1563 932 essent,
1579 884 1811 940 perpetuo

374 946 552 1013 placuit
572 947 767 1008 sanciri,
795 947 928 1011 juxta
952 947 1085 1012 quod
1103 948 1153 996 in
1184 949 1451 997 canonibus
1478 951 1707 1017 scriptum
1724 951 1810 1001 ha·

370 1023 512 1072 betur
530 1042 542 1071 :
565 1023 742 1072 St'nodo
761 1024 1054 1089 provinciali
1067 1036 1311 1083 statutum,
1334 1044 1369 1083 ⁴a
1387 1026 1520 1074 nullo
1541 1038 1714 1077 temere
1740 1029 1809 1076 la-

367 1102 712 1167 befaccandum.

594 1255 670 1290 XC.
684 1274 731 1282 —
742 1254 896 1302 Impetus
907 1254 929 1277 θ
944 1253 1082 1290 Odonis
1102 1262 1137 1289 et
1158 1254 1323 1290 Falconis
1335 1256 1354 1278 ⁵
1377 1256 1468 1292 inter
1489 1269 1526 1292 ne
1538 1256 1573 1291 ⁴⁹.

427 1369 527 1417 Hac
565 1377 842 1434 tempestate
884 1366 1010 1414 bella
1049 1366 1204 1415 civilia
1243 1378 1461 1434 reparata
1504 1380 1632 1419 sunt.
1677 1374 1800 1422 Cum

359 1449 489 1495 enim
518 1448 818 1494 tirannorum
853 1445 1034 1493 insidiis
1068 1445 1255 1494 Odonis
1273 1456 1320 1494 et
1353 1446 1575 1496 Fulconis
1598 1448 1659 1498 de
1686 1451 1800 1500 Brit-

358 1528 494 1575 taniae
519 1526 788 1592 principatu
814 1526 914 1572 rixa
936 1535 1218 1590 resurgeret,
1250 1523 1339 1572 illis
1369 1525 1706 1577 dissidentibus
1724 1547 1798 1579 re-

355 1606 472 1671 liqui
502 1606 645 1653 etiam
678 1621 936 1669 regnorum
965 1604 1204 1669 principes
1235 1605 1354 1652 moti
1383 1604 1661 1655 dissensere.
1698 1609 1794 1659 Rex

355 1685 573 1732 Fulconis
591 1693 748 1750 partes
773 1682 971 1743 tutabat,
1011 1682 1121 1730 Odo
1149 1698 1350 1731 suorum
1374 1699 1564 1732 necnon
1590 1695 1640 1733 et
1666 1686 1793 1752 pira·

353 1773 507 1811 tarum
536 1763 645 1827 qui,
668 1779 777 1827 rege
805 1761 993 1809 deserto
1008 1797 1020 1820 ,
1044 1760 1106 1808 ad
1123 1777 1174 1808 se
1199 1761 1501 1822 transierant,
1535 1764 1793 1829 Aquitano-

351 1859 554 1907 rumque
578 1842 728 1908 copiis
758 1840 904 1887 fretus
933 1838 1200 1887 incedebat.
1243 1838 1382 1887 Unde
1412 1839 1558 1888 Fulco
1581 1842 1631 1888 in
1662 1842 1791 1891 Odo-

350 1937 462 1968 nem
479 1937 704 1987 praeceps,
734 1919 835 1983 ejus
866 1928 1043 1966 terram
1069 1917 1413 1984 depopulatur,
1446 1928 1496 1967 et
1519 1929 1631 1986 post
1656 1920 1707 1968 in
1730 1937 1789 1970 ea

349 2014 449 2045 non
466 1997 636 2064 procul
664 1996 725 2045 ab
745 1996 863 2044 urbe
882 1995 1118 2043 Turonica
1138 1994 1373 2061 oppidum
1391 1996 1404 2020 ¹
1431 1998 1626 2046 exstruit
1642 2007 1787 2065 atque

347 2075 524 2135 munit;
545 2074 705 2141 copias
732 2074 893 2139 ponit;
927 2072 1152 2120 militibus
1181 2072 1372 2139 implet;
1403 2082 1452 2121 et
1468 2074 1580 2140 quia
1597 2074 1662 2123 ad
1688 2074 1785 2126 hoc

346 2152 636 2200 diruendum
663 2151 886 2199 Odonem
912 2150 1229 2198 adventurum
1255 2150 1490 2216 sperabat,
1511 2168 1673 2218 regern
1696 2170 1782 2220 pe-

344 2233 432 2292 tiit,
451 2230 624 2279 auxilia
646 2229 1001 2296 imploraturus.
1031 2229 1119 2276 Cui
1144 2245 1255 2276 cum
1277 2245 1359 2276 rex
1389 2229 1616 2277 auxilium
1642 2230 1782 2296 polli-

344 2319 547 2368 ceretur,
586 2307 895 2355 obstinatiore
928 2306 1088 2354 animo
1126 2304 1378 2353 ferebatur.
1424 2309 1587 2372 Itaque
1618 2308 1781 2375 cophe

342 2397 510 2434 contra
528 2386 717 2434 hostem
737 2401 1075 2449 congressurus
1102 2394 1262 2449 parat3
1290 2386 1548 2433 exercitum
1567 2385 1775 2452 colligit;

341 2465 617 2530 bellumque
641 2463 802 2511 Odoni
817 2463 996 2510 indicit.
1021 2462 1147 2522 Odo,
1176 2463 1363 2528 pudore
1392 2474 1560 2524 tactus,
1588 2482 1617 2514 a
1633 2465 1779 2514 Gallis

341 2544 492 2610 Belgis
525 2542 735 2592 subsidia
772 2543 906 2609 petit.
943 2543 990 2588 Si
1022 2541 1195 2602 adsint,
1229 2542 1427 2607 gratiam
1462 2559 1565 2591 sese
1592 2560 1777 2594 recom-

337 2633 647 2690 pensamrum
661 2620 884 2688 spondet.
906 2619 979 2669 mi
1001 2619 1256 2670 liberaliter
1271 2631 1509 2684 manunt,
1529 2620 1774 2690 fidemque

381 2787 403 2810 ¹
425 2793 526 2835 petus
539 2811 551 2830 ‚
571 2785 608 2820 in
620 2811 631 2829 ,
649 2797 685 2820 se
700 2784 837 2819 abscisa.
857 2786 870 2829 (
884 2785 939 2817 Sic
955 2784 1078 2831 Per-ez.)

382 2845 393 2866 ‘
420 2851 570 2878 castrum
595 2853 691 2888 supra
707 2842 815 2888 posito
831 2839 1004 2887 oppidum
1022 2838 1139 2874 codex.
