1872 3372
373 263 455 304 286
860 262 1080 306 mmmm
1112 265 1211 307 tm.
1247 267 1318 307 lv.

372 351 456 400 iias
468 362 744 420 properent,
762 353 892 402 unde
910 354 1079 403 volunt
1095 355 1300 405 edicant.
1332 355 1570 421 Alioquin,
1589 355 1803 417 redeant,

372 444 419 484 et
441 450 525 483 sua
551 444 604 483 nt
636 434 752 483 libet
781 445 966 484 curent.
994 439 1176 485 Horum
1193 454 1307 503 ergo
1338 454 1412 486 res
1438 438 1488 486 in
1516 438 1808 488 contrarium

371 512 553 579 relapsa
572 524 658 562 est.
691 512 923 562 Adalbero
954 515 1083 563 enim
1107 517 1191 581 qui
1212 516 1389 564 horum
1418 516 1687 565 ministrum
1706 533 1809 567 sese

371 591 635 658 praebuerat
656 628 668 651 ,
707 608 819 639 cum
854 592 1140 640 delationis·
1188 595 1373 643 nescius
1415 611 1547 659 reges
1583 605 1803 644 moneret

371 681 423 719 ut
457 670 817 720 occurrentibus
847 670 1120 732 obveniret,
1165 690 1246 720 rex
1286 683 1537 721 veteranus
1570 672 1809 722 fraudium

370 765 469 795 non
497 748 701 811 ignaruS,
731 747 1028 795 Ludovicum
1052 748 1212 797 Karoli
1235 748 1384 798 filium
1411 749 1473 797 ab
1497 766 1556 798 eo
1582 749 1805 816 reposcit,

369 842 515 891 quem
545 826 594 874 in
627 826 849 892 captione
883 827 1101 875 Lauduni
1125 838 1336 894 captum,
1373 829 1415 876 ei
1440 827 1810 877 custodiendum

368 904 686 953 commiserat.
729 905 1014 971 Repoposcit
1051 906 1195 954 etiam
1225 906 1438 971 ejusdem
1464 905 1593 955 urbis
1627 922 1804 967 arcem,

367 999 512 1046 quam
529 981 743 1029 similiter
765 983 1082 1053 commiserat.

482 1131 581 1168 XCV
583 1134 634 1168 11.
650 1132 887 1168 —Adalhero
898 1133 919 1156 ³
937 1133 1044 1168 totius
1062 1133 1196 1169 fraudis
1213 1134 1234 1156 *
1256 1146 1360 1169 causa
1382 1134 1651 1182 reprehenditur
1659 1136 1695 1171 θ.

429 1244 539 1300 Quo
565 1241 745 1290 credita
763 1241 966 1290 reddere
990 1243 1174 1303 reniso,
1203 1245 1318 1309 regii
1348 1245 1617 1310 stipatores,
1645 1246 1807 1295 animo

364 1320 659 1385 indignante,
672 1319 971 1367 subinferunt
989 1339 999 1367 :
1017 1340 1041 1366 «
1056 1324 1179 1369 Cum
1194 1331 1264 1383 tu,
1281 1339 1312 1370 o
1330 1323 1571 1390 episcope,
1583 1324 1631 1372 in
1645 1325 1805 1391 perni-

367 1400 534 1447 «ciem
560 1416 725 1463 regum
753 1407 801 1446 et
830 1399 1119 1465 principum,
1154 1400 1282 1467 apud
1316 1403 1545 1450 Ottonem
1574 1419 1735 1469 regem
1757 1413 1806 1452 et

367 1493 391 1518 «
412 1474 636 1522 Odonem
670 1474 911 1521 tirannum
939 1474 1143 1540 plurima
1167 1477 1422 1541 quaesieris,
1452 1477 1702 1543 quomodo
1725 1478 1805 1528 hic

366 1562 521 1599 «ante
555 1552 778 1600 dominos
806 1562 912 1600 tuos
949 1570 1081 1618 reges
1119 1564 1215 1602 tam
1253 1555 1503 1620 magnifica
1530 1555 1803 1623 confingere

364 1649 388 1674 «
410 1646 510 1677 non
531 1630 736 1678 vereris?
760 1629 887 1689 Quid
906 1631 1202 1679 Ludovicum
1227 1643 1273 1681 et
1291 1650 1451 1682 arcem
1475 1634 1676 1684 reddere
1701 1652 1803 1685 me·

362 1709 516 1769 «tuis,
549 1709 589 1756 si
618 1707 764 1756 fidem
795 1708 984 1773 regibus
1009 1719 1053 1757 te
1068 1727 1275 1759 servasse
1300 1728 1398 1760 non
1425 1711 1642 1760 dubitas?
1672 1713 1801 1772 Quid

358 1807 384 1833 «
404 1804 516 1853 ergo
539 1797 609 1836 est
633 1787 813 1835 credita
837 1787 965 1835 nolle
997 1788 1216 1850 reddere,
1244 1791 1335 1838 nisi
1363 1801 1530 1839 contra
1562 1808 1694 1857 reges
1723 1792 1802 1840 in·

357 1885 382 1911 «
402 1866 552 1913 fausta
583 1866 771 1913 moliri?
806 1866 1167 1916 Evidentissime
1205 1868 1352 1917 fidem
1385 1869 1615 1936 abrupisti
1632 1907 1645 1930 ‚
1686 1887 1799 1919 cum

354 1963 379 1989 «
401 1944 531 2009 apud
554 1947 784 1992 Ottonem
804 1943 866 1991 de
884 1962 1051 2010 regum
1071 1947 1262 1995 interitu
1286 1949 1513 2008 tractasti,
1532 1965 1798 2016 eorumque

353 2042 378 2068 α
397 2022 638 2071 honorem
657 2022 887 2070 subruere
909 2026 1164 2089 temptasti.
1202 2025 1340 2074 Unde
1366 2035 1413 2074 et
1441 2027 1634 2092 perjurii
1662 2038 1796 2077 reatu

349 2122 371 2146 «
394 2101 634 2149 detineris.
656 2102 966 2166 Legationem
983 2103 1144 2163 etiam,
1167 2112 1411 2168 tamquam
1424 2104 1485 2152 ab
1500 2105 1566 2153 eis
1582 2105 1791 2167 missam,

349 2198 371 2223 u
394 2179 560 2226 Ottoni
581 2179 678 2243 regi
700 2178 959 2243 pertulisti,
985 2195 1040 2226 ac
1064 2180 1194 2245 apud
1219 2197 1329 2228 eum
1353 2181 1519 2230 dolose
1543 2182 1789 2244 ordinasti,

346 2276 370 2302 «
389 2267 443 2304 ut
463 2257 569 2322 ipse
590 2273 700 2304 cum
726 2258 888 2322 paucis
909 2257 926 2282 ²
956 2257 1215 2319 adveniret,
1239 2270 1285 2307 et
1309 2260 1513 2308 militum
1532 2261 1793 2310 multitudi-

344 2356 368 2380 «
388 2352 501 2384 nem
539 2351 636 2383 non
665 2334 808 2400 longe
835 2335 1103 2401 expeditam
1128 2337 1338 2387 haberet.
1369 2338 1571 2404 Regibus
1595 2356 1790 2406 quoque

343 2434 366 2459 «
387 2414 566 2462 nostris
589 2413 862 2461 adversario
888 2431 999 2461 cum
1023 2416 1186 2480 paucis
1211 2433 1462 2466 occurrere
1483 2418 1684 2479 suasisti,
1710 2429 1789 2468 at-

341 2513 365 2538 «
389 2509 484 2558 que
535 2491 661 2540 nihil
702 2491 816 2539 mali
854 2510 911 2540 ex
953 2493 1048 2542 hoc
1080 2506 1428 2560 proventurum
1467 2497 1781 2563 spopondisti.

386 2661 407 2681 *
432 2660 614 2696 Adalbero
629 2686 639 2704 ‚
661 2660 793 2695 fraudis
807 2688 816 2704 ,
835 2661 961 2709 repreh
976 2662 1114 2697 abscisa.

389 2717 401 2738 “
427 2716 644 2765 proditionis
665 2719 698 2751 ¹.

380 2774 398 2794 ⁸
421 2785 460 2820 p.
478 2772 525 2808 ad
547 2774 665 2808 locum
681 2773 782 2819 quod
800 2775 997 2811 mosomum
1014 2778 1208 2824 appellatur
1224 2777 1344 2813 deleta.
