1872 3372
398 303 481 341 250
892 304 1111 346 menam
1143 306 1243 349 Lm.
1280 307 1349 347 lv.

401 410 424 435 «
455 401 503 439 et
517 391 748 458 prodesse
764 394 915 459 possit
932 394 1151 443 aecclesiae
1169 397 1245 443 cui
1271 405 1466 444 actenus
1481 396 1704 463 indignus
1718 415 1836 467 prze-

398 488 421 513 «
452 469 533 517 sui.
569 473 627 517 Et
662 481 715 518 ut
756 471 868 519 inde
907 472 1029 519 ultra
1062 473 1242 522 nullam
1276 475 1610 541 repetitionem
1645 486 1729 526 aut
1759 478 1833 527 in-

397 567 420 592 «
451 548 852 615 terpellationem,
881 551 1159 600 auctoritate
1190 554 1419 601 canonica
1444 553 1599 602 facere
1622 553 1830 615 valeam,

397 645 420 670 «
451 642 595 674 manu
615 643 722 675 mea
739 628 931 695 propria
958 628 1259 678 subscribens
1284 629 1484 678 firmavi.
1514 633 1625 690 Quo
1648 630 1713 680 ita
1729 649 1835 699 per·

397 725 420 748 «
451 704 599 765 lecto,
632 706 696 754 ita
725 706 995 774 subscripsi.
1028 710 1126 775 Ego
1146 707 1366 757 Arnulfus
1383 709 1632 776 quondam
1660 711 1833 759 Remo-

398 803 420 826 «
451 799 558 830 rum
573 783 957 852 archiepiscopus
973 785 1241 853 subscripsi.
1266 790 1503 836 »Necnon
1525 798 1572 837 et
1595 787 1836 839 adstantes

394 861 604 928 episcopi
627 861 689 909 ab
704 878 763 910 eo
789 865 938 928 rogati
965 874 1018 911 ut
1032 863 1407 927 subscriberent,
1425 865 1831 934 subscripserunt,

393 948 535 1004 atque
563 941 629 987 sic
660 941 703 988 ei
727 941 1080 1007 responderunt
1102 961 1112 990 ε
1139 964 1163 988 «
1186 944 1464 992 Secundum
1488 944 1835 1012 professionem

402 1038 424 1062 «
455 1029 501 1065 et
525 1018 923 1085 subscriptionem
950 1030 1082 1068 tuam
1111 1038 1242 1070 cessa
1269 1022 1331 1070 ab
1357 1022 1533 1070 officio.
1559 1042 1582 1067 »
1610 1025 1724 1071 Post
1746 1022 1836 1071 hec

397 1098 682 1145 sacramenti
693 1098 801 1162 jure
813 1098 903 1146 hos
915 1099 999 1163 qui
1008 1099 1081 1146 sui
1100 1099 1286 1148 fuerant
1299 1099 1526 1161 absolvit,
1541 1109 1685 1166 atque
1697 1100 1837 1151 liber-

399 1184 546 1222 tatem
571 1176 849 1224 transeundi
873 1177 921 1223 in
942 1177 1020 1240 jus
1040 1176 1231 1225 alterius
1255 1179 1408 1226 victus
1431 1178 1680 1227 concessit.

534 1323 708 1359 Lxxm.
721 1344 770 1351 —
779 1325 961 1372 Depositio
974 1325 992 1348 θ’
1016 1324 1182 1373 Adalgeri
1201 1326 1384 1373 presbiteri
1400 1339 1421 1362 a
1434 1328 1455 1351 ⁴
1477 1326 1645 1375 gradibus
1655 1328 1692 1362 ⁸.

459 1433 587 1478 Dum
597 1431 688 1480 hec
704 1433 853 1480 multa
866 1432 1248 1481 consideratione
1264 1443 1557 1498 gererentur,
1577 1433 1835 1500 Adalgerus

394 1509 627 1576 presbiter
651 1528 709 1559 eo
735 1512 866 1578 quod
885 1513 1228 1560 communione
1252 1513 1464 1578 privatus
1495 1522 1640 1574 esset,
1667 1529 1833 1579 regum

392 1587 595 1654 pedibus
627 1590 931 1655 provolutus,
969 1591 1117 1638 multa
1147 1592 1492 1657 conquestione
1521 1591 1830 1658 querebatur,

394 1669 723 1717 communioni
761 1679 928 1735 petens
960 1670 1164 1730 restitui,
1193 1670 1382 1735 parcius
1415 1669 1505 1718 sibi
1538 1669 1835 1719 inferendam

393 1763 644 1795 censuram
678 1757 829 1808 ratus,
864 1765 923 1795 eo
952 1748 1083 1813 quod
1109 1749 1266 1813 jussus
1299 1748 1499 1802 domino
1532 1748 1833 1815 obtempera·

392 1824 549 1872 visset.
583 1828 740 1883 Quem
763 1825 999 1889 Arnulsus,
1026 1826 1372 1874 Aurelianensis
1395 1827 1670 1894 episcopus,
1695 1826 1837 1876 ador·

398 1922 421 1947 «
451 1920 558 1950 sus:
580 1907 704 1951 Num
722 1904 953 1969 quidnam
973 1924 996 1949 υ
1019 1905 1174 1970 inquit
1193 1925 1217 1950 «
1235 1904 1394 1969 juditii
1410 1892 1663 1971 eipertem'
1680 1914 1728 1954 te
1753 1915 1835 1954 tua

396 2001 420 2025 «
451 1980 655 2029 conficta
686 1981 832 2030 hodie
862 1982 1062 2030 facient?
1093 1982 1336 2048 Numquid
1373 1993 1423 2030 tu
1457 2000 1508 2031 es
1539 1983 1622 2049 qui
1655 1983 1834 2031 Karolo

395 2079 418 2104 «
449 2070 612 2126 portas
635 2061 885 2126 aperuisti,
909 2072 956 2109 et
971 2061 1206 2110 hostiliter
1225 2079 1336 2110 cum
1359 2061 1441 2110 illo
1457 2072 1621 2110 sancta
1644 2070 1832 2111 sancto-

394 2157 417 2183 «
447 2156 557 2186 rum
584 2140 822 2204 ingressus
851 2139 935 2187 es?
955 2139 1198 2205 Numquid
1218 2150 1271 2187 tu
1289 2157 1339 2188 es
1369 2140 1452 2205 qui
1478 2139 1832 2190 adolescentem

395 2236 419 2262 «
449 2234 559 2264 cum
573 2217 882 2266 tuisimilibus
894 2218 1173 2284 perdidisti?
1189 2218 1428 2267 Confitere
1437 2217 1786 2267 infandissime!
1805 2237 1829 2263 »

392 2298 502 2354 Quo
531 2295 852 2361 respondente
877 2315 887 2343 ε
926 2316 949 2342 ι(
973 2300 1153 2362 Negare
1179 2314 1279 2344 non
1307 2313 1528 2363 possum,
1552 2316 1576 2341 »
1612 2295 1691 2345 ille
1717 2311 1832 2344 mox

390 2385 672 2439 prosecutus
704 2393 714 2421 :
757 2394 779 2419 «
801 2378 871 2422 An
909 2374 1020 2423 ideo
1044 2394 1067 2420 »
1105 2376 1260 2441 inquit
1294 2396 1318 2421 «
1339 2373 1672 2430 communioni
1701 2374 1834 2423 resti·

394 2471 417 2497 «
448 2452 655 2501 tuendus
673 2469 723 2500 es
739 2489 751 2512 ‚
773 2464 827 2500 ut
854 2452 1054 2502 domino
1080 2464 1163 2501 tuo
1189 2453 1405 2519 lugente,
1426 2463 1479 2502 tu
1497 2451 1834 2502 nefandissime

395 2550 419 2576 «
447 2531 631 2579 rideas?
656 2550 678 2576 υ
717 2531 929 2580 Tandem
959 2532 1206 2580 decretum
1235 2542 1306 2580 est
1327 2532 1538 2580 duorum
1562 2531 1833 2579 incommo-

391 2607 566 2656 dorum
584 2608 863 2657 utrumlibet
886 2609 947 2656 ab
965 2626 1024 2657 co
1054 2610 1186 2674 eligi,
1215 2620 1297 2657 aut
1323 2626 1351 2657 a
1381 2607 1604 2675 gradibus
1627 2606 1830 2674 deponi,

391 2697 472 2735 aut
494 2697 729 2753 perpetuo
754 2687 1054 2737 anathemate
1080 2690 1246 2737 teneri.
1277 2689 1371 2747 Qui
1397 2687 1529 2754 apud
1555 2703 1607 2736 se
1628 2686 1834 2754 plurima

438 2825 460 2848 ⁴*
479 2825 575 2872 Dep,
594 2839 612 2860 a
638 2839 699 2871 gra
724 2827 861 2861 abscisa.
