1872 3372
379 258 459 295 290
866 251 1082 292 menam
1114 250 1210 292 ΜΒ.
1242 251 1312 293 1V.

381 361 405 387 α
427 341 559 389 ferat.
579 361 602 384 υ
634 343 771 388 Hunc
800 356 887 406 pro
915 339 1114 388 domino
1142 356 1230 387 suo
1256 339 1567 388 insanientem
1591 348 1639 388 et
1663 340 1800 390 fervi-

377 419 517 479 dum,
557 418 814 468 Landricus
848 434 1010 466 comes
1046 418 1112 465 sic
1147 416 1400 482 alloquitur
1435 434 1445 462 :
1483 436 1506 461 α
1543 419 1587 465 Ο
1619 418 1799 484 optime

380 517 404 543 «
433 497 588 554 miles,
610 498 779 544 harum
811 506 862 543 ut
880 495 1019 543 video
1045 494 1278 543 fraudium
1306 494 1494 560 penitus
1517 510 1568 542 es
1589 494 1795 560 ignarus.

380 597 402 620 α
433 579 565 634 Quae,
595 575 702 622 licet
725 585 771 622 te
795 574 1064 638 ignorante,
1094 583 1250 621 tamen
1271 582 1323 620 ut
1346 572 1799 640 praedicanturquae-

379 675 400 698 «
432 655 527 701 sitae
558 662 683 699 sunt.
710 652 847 699 Unde
870 661 917 698 et
945 661 1154 716 tempera
1188 651 1423 711 animum,
1455 651 1617 717 mitiga
1647 652 1799 702 fervo-

380 756 400 778 «
434 752 559 788 rem:
587 733 697 781 belli
730 733 1052 781 necessitatem
1093 749 1192 780 non
1229 732 1312 780 tibi
1353 733 1591 799 imponas3
1619 750 1718 784 non
1752 745 1798 784 te

380 834 399 856 t(
432 812 671 878 impellas,
706 810 834 858 unde
872 811 1106 873 ingressus
1148 810 1301 858 redire
1342 827 1439 858 non
1478 812 1678 877 poteris3
1713 813 1798 863 sed

378 911 399 932 «
432 906 559 937 nunc
584 905 691 936 meo
718 905 829 935 usus
851 887 1071 946 consilio,
1094 887 1337 952 paululum
1361 887 1473 936 hinc
1495 890 1685 951 secede3
1712 890 1799 941 do·

378 988 400 1011 «
432 968 709 1032 minumque
741 977 874 1014 tuum
905 966 965 1012 de
997 965 1069 1012 his
1095 981 1156 1012 an
1187 982 1296 1012 vera
1325 965 1442 1025 sint,
1474 966 1726 1035 interroga.
1749 971 1798 1018 si

378 1067 399 1090 «
433 1056 477 1093 te
511 1045 571 1093 ad
610 1061 817 1111 pugnam
854 1043 1096 1103 hortatur,
1132 1043 1444 1108 congredere3
1481 1045 1518 1091 si
1551 1044 1666 1094 dicit
1696 1063 1796 1096 ces-

379 1143 403 1169 «
431 1122 656 1183 sandum‚
687 1122 833 1170 furori
856 1138 1014 1187 parce.
1041 1140 1064 1165 »
1085 1121 1281 1168 Secessit
1303 1137 1431 1185 erg0,
1453 1120 1801 1191 dominumque

376 1212 597 1249 vocatum
637 1218 698 1248 an
737 1201 803 1247 sic
829 1216 903 1247 res
937 1199 1167 1247 habeatur
1201 1200 1471 1263 interrogat.
1509 1201 1799 1269 Episcoptm,

375 1290 540 1345 utpote
559 1295 586 1326 a
609 1279 800 1326 conscio
820 1278 1086 1337 convictuS,
1106 1294 1206 1325 rem
1233 1279 1295 1326 ita
1319 1297 1420 1329 esse
1440 1280 1667 1345 quaerenti
1683 1297 1800 1330 eon—

378 1362 522 1409 fessus
554 1371 648 1420 est;
684 1359 811 1407 unde
839 1370 887 1407 et
918 1376 1127 1424 pugnam
1164 1359 1384 1409 inhibuit.
1426 1360 1599 1410 Sedato
1640 1361 1798 1428 itaque

378 1449 508 1486 tanto
549 1439 729 1486 fervore
765 1437 946 1496 militis,
981 1454 1056 1485 res
1092 1438 1280 1503 penitus
1315 1439 1535 1487 innotuit.
1570 1442 1799 1489 Detentus

376 1537 488 1584 ergo
519 1537 683 1584 regum
703 1520 835 1583 jussu
852 1555 864 1579 ,
896 1529 1060 1584 utpote
1099 1519 1313 1567 desertor
1337 1521 1613 1570 custodibus
1637 1521 1791 1571 datur.

376 1599 520 1662 Cujus
537 1598 707 1646 milites
731 1614 842 1645 mox
865 1597 1051 1662 regibus
1069 1609 1365 1647 sacramento
1388 1599 1560 1664 alligati
1576 1610 1702 1649 sunt.

531 1757 661 1792 XCIX.
679 1777 727 1784 —
742 1756 905 1805 Synodus
922 1769 999 1803 quae
1017 1769 1083 1804 pro
1101 1758 1248 1792 Amulfo
1269 1758 1421 1793 mosomi
1441 1759 1560 1796 habita
1573 1768 1636 1796 en.

439 1876 567 1920 Dum
596 1873 696 1921 haec
723 1884 971 1938 agerentur
999 1875 1036 1933 ⁸,
1068 1891 1177 1921 cum
1210 1874 1466 1923 Galliarum
1496 1877 1703 1943 episcopi
1736 1878 1798 1926 ab

376 1949 563 2014 regibus
587 1950 813 2015 prohibiti
849 1961 1004 1998 essent
1030 1961 1083 1997 ut
1106 1950 1167 1997 ad
1191 1951 1414 1998 sinodum
1445 1962 1666 2001 statutam
1698 1971 1796 2004 non

376 2028 636 2086 venissent,
672 2028 882 2093 episcopi
917 2038 1075 2075 tamen
1106 2030 1368 2076 Germaniae
1403 2047 1463 2077 ne
1495 2030 1594 2078 doli
1632 2049 1797 2097 argue-

376 2116 540 2153 rentur
563 2106 719 2152 sinon
748 2105 1056 2166 accederent,
1083 2116 1255 2154 statuto
1284 2117 1498 2172 tempore
1530 2111 1797 2159 Mosomum

376 2184 691 2243 conveniunt,
732 2182 899 2230 domni
931 2199 1064 2248 papae
1098 2183 1302 2248 legatum
1345 2202 1508 2232 secum
1547 2185 1791 2237 habentes.

374 2261 568 2309 Collecti
597 2277 708 2326 ergo
740 2261 788 2308 in
828 2261 1019 2309 basilica
1050 2272 1221 2309 sanctae
1249 2263 1336 2310 Dei
1372 2264 1606 2328 genitricis
1641 2267 1798 2315 Mariae

374 2340 631 2387 ordinatim
660 2356 794 2387 more
831 2339 1144 2387 ecclesiastico
1169 2341 1454 2403 consedere,
1490 2343 1668 2393 seilicet
1711 2346 1798 2393 Su-

374 2434 511 2482 gerus
535 2417 1061 2482 Mimagardvurdensis,
1090 2414 1343 2466 Leo'dullhs
1365 2421 1677 2484 Treverensis,
1705 2425 1798 2472 No-

372 2494 542 2542 cherus
587 2495 885 2543 Leodicensis
901 2531 913 2554 ,
952 2505 999 2542 et
1048 2495 1215 2543 Haimo
1254 2497 1576 2547 virdunensis.
1615 2502 1796 2549 Horum

372 2572 556 2620 medius
586 2572 730 2620 abbas
754 2576 848 2621 Leo
876 2573 1071 2632 resedit,
1102 2575 1320 2639 vicesque
1349 2576 1514 2625 domni
1547 2595 1680 2645 papae
1709 2578 1796 2627 ob-

417 2741 426 2758 ·
454 2753 516 2787 age
535 2741 702 2775 abscisum.
