1872 3372
334 290 418 332 214
826 290 1046 330 RlCHERl
1079 290 1177 331 un.
1214 290 1285 330 lv.

334 388 435 428 erat
455 397 464 426 :
486 381 602 427 Tam
629 379 811 427 clarum
839 388 887 427 et
910 380 1093 444 antiqui
1119 379 1304 444 generis
1322 379 1478 426 virum
1493 414 1507 439 ,
1535 394 1636 427 non
1660 394 1774 428 mox

334 457 662 518 reddendum,
715 457 798 505 sed
838 458 966 524 apud
1004 475 1165 522 regem
1203 468 1299 506 tam
1340 457 1423 505 diu
1467 457 1772 518 habendum,

334 536 493 586 donec
511 537 592 602 qui
610 537 712 600 ejus
730 537 1001 603 captionem
1022 537 1309 602 indignaturi
1329 537 1423 584 sint
1447 537 1457 560 ⁸
1486 545 1774 602 appareant;

333 617 372 663 si
399 633 458 663 eo
485 632 689 663 numero
724 626 770 663 et
803 616 1000 663 nomine
1028 626 1172 682 atque
1206 616 1330 664 duce
1364 616 1698 682 praemineant,
1726 624 1781 663 ut

336 695 517 759 indigni
538 711 636 742 non
670 695 764 741 sint
789 695 871 759 qui
889 694 1052 741 hostes
1070 694 1191 759 regis
1215 697 1507 742 Francorum
1540 693 1780 754 dicantur,

335 774 433 821 sive
468 773 715 821 inferiores
747 774 867 834 sint,
908 773 1286 835 attendendum;
1327 774 1366 822 si
1406 790 1520 838 ergo
1555 772 1696 839 pauci
1734 782 1782 821 et

335 853 582 899 inferiores
615 852 946 917 indignentur,
979 852 1242 901 tenendum
1275 852 1561 914 censebant3
1596 852 1636 899 si
1665 867 1783 900 vero

338 931 542 994 majores
561 941 608 978 et
626 947 771 996 quam
790 931 952 997 plures
968 967 981 990 ,
1004 931 1307 979 reddendum
1331 931 1566 998 superiori
1596 931 1784 979 ratione

338 1008 619 1056 suadebant.
656 1009 886 1056 Kar-olum
911 1025 1025 1074 ergo
1054 1026 1166 1057 cum
1196 1026 1344 1057 uxore
1367 1008 1594 1058 Adelaide
1611 1019 1660 1057 et
1683 1007 1786 1056 filio

340 1087 614 1148 Ludovico,
662 1098 709 1135 et
748 1087 935 1135 filiabus
979 1087 1190 1149 duabus,
1237 1105 1442 1152 quarum
1484 1086 1632 1136 altera
1669 1088 1787 1135 Ger-

338 1165 510 1230 berga,
532 1166 679 1213 altera
714 1165 951 1214 Adelaidis
982 1166 1249 1228 dicebatur,
1291 1183 1485 1214 necnon
1516 1176 1565 1215 et
1588 1165 1786 1215 Amulfo

340 1255 518 1311 nepote
537 1245 717 1293 carceri
741 1244 889 1293 dedit.

372 1409 415 1443 L.
428 1429 477 1436 -
488 1410 540 1443 De
558 1409 765 1445 difficultate
777 1412 797 1431 ἤ
815 1410 869 1445 sui
888 1410 1021 1445 itineris
1032 1410 1052 1434 *
1071 1411 1116 1445 ab
1132 1411 1152 1433 ἦ·
1169 1410 1256 1445 urbe
1267 1409 1288 1432 ‘⁸'
1300 1410 1494 1444 Remorum
1510 1408 1705 1444 Cat-notum
1717 1409 1753 1443 *-

410 1534 530 1579 Ante
544 1531 721 1580 horum
738 1533 1032 1598 captionem,
1054 1531 1224 1580 diebus
1242 1531 1390 1579 ferme
1404 1528 1786 1595 quatuordecim,

345 1626 457 1657 cum
482 1609 703 1658 aviditate
728 1611 943 1659 discendi
967 1611 1172 1676 logicam
1196 1608 1479 1676 Yppocratis
1498 1607 1516 1632 ²
1551 1607 1699 1668 Choi,
1728 1605 1791 1656 de

347 1687 514 1736 studiis
557 1688 831 1736 liberalibus
869 1706 992 1755 saepe
1035 1699 1082 1737 et
1114 1687 1320 1736 multum
1355 1687 1640 1751 cogitarem,
1670 1701 1791 1751 qua-

347 1766 462 1814 dam
486 1766 564 1814 die
589 1767 800 1832 equitem
824 1768 1139 1815 Carnotinum
1164 1767 1214 1814 in
1239 1765 1358 1813 urbe
1379 1767 1641 1813 Remorum
1664 1763 1791 1829 posi·

346 1854 423 1891 tus
441 1844 636 1892 offendi.
667 1846 763 1904 Qui
788 1863 816 1893 a
834 1863 912 1893 me
930 1847 1269 1910 interrogatus,
1293 1845 1400 1909 quis
1425 1854 1473 1892 et
1497 1843 1633 1908 cujus
1648 1851 1789 1903 esset,

349 1940 436 1971 cur
466 1933 514 1971 et
543 1924 676 1972 unde
718 1925 947 1986 venisset,
985 1923 1271 1972 Heribrandi
1301 1923 1461 1971 clerici
1487 1921 1792 1970 carnotensis

348 2000 559 2066 legatum
590 2019 717 2063 sese,
756 2012 804 2051 et
829 2003 1034 2051 Richero
1060 2004 1212 2050 sancti
1244 2002 1442 2066 Remigii
1466 2000 1708 2048 monacho
1741 2015 1796 2048 se

350 2079 473 2128 velle
496 2079 629 2145 loqui
654 2081 919 2147 respondit.
951 2084 1075 2146 Ergo
1101 2096 1215 2128 mox
1237 2080 1378 2128 amici
1401 2094 1582 2126 nomen
1598 2086 1648 2125 et
1663 2076 1796 2142 lega-

351 2158 494 2206 tionis
517 2175 710 2207 causam
728 2159 998 2220 advertens,
1019 2176 1096 2207 me
1114 2175 1261 2224 quem
1277 2157 1507 2223 querebat
1526 2156 1542 2182 ⁸
1566 2155 1792 2215 indicavi,

351 2236 561 2304 datoque
581 2238 597 2262 ³
641 2238 807 2286 osculo
858 2239 1079 2287 semotim
1101 2239 1116 2263 ³
1162 2238 1443 2286 secessimus
1464 2236 1502 2283 ⁸.
1552 2234 1636 2283 llle
1679 2250 1795 2282 mox

350 2315 603 2380 epistolam
649 2317 876 2382 protulit,
927 2316 1243 2364 hortatoriam
1292 2316 1353 2363 ad
1403 2314 1793 2381 aphorismorum

351 2394 624 2443 lectionem.
662 2395 801 2443 Unde
831 2406 878 2444 et
904 2412 993 2461 ego
1019 2394 1286 2443 admodum
1310 2394 1519 2454 laetatus,
1547 2401 1794 2458 assumpto

353 2474 567 2539 quodam
599 2492 751 2542 puero
770 2492 881 2524 cum
912 2477 1174 2523 Carnotino
1206 2475 1391 2540 equite,
1419 2474 1510 2522 iter
1533 2475 1799 2522 Carnotum

399 2640 420 2662 ³⁸*
445 2641 551 2675 ultate
563 2667 574 2683 ,
592 2641 637 2684 is,
656 2641 720 2683 ab,
739 2654 795 2684 ur,
815 2650 939 2675 notum
953 2640 1041 2674 absc.

401 2704 415 2727 ²
437 2700 485 2743 εἰ

398 2766 415 2788 ⁸
439 2764 640 2814 yppacratis
657 2762 775 2797 codex.

399 2823 414 2843 ⁸
438 2822 537 2858 rebat
548 2848 559 2866 ,
577 2820 730 2866 datoque
746 2847 755 2863 ,
773 2820 896 2856 motim
911 2846 919 2862 ‚
938 2833 979 2854 us
996 2820 1138 2853 abscisa.
