1872 3372
397 279 474 319 188
881 277 1101 318 menam
1134 276 1231 319 LlB.
1265 277 1338 318 1v.

388 364 518 412 vitat.
551 363 792 422 Quiddam
829 379 1057 429 magnum
1095 379 1198 412 sese
1229 364 1563 412 ordinaturum
1596 362 1818 423 mandata

389 440 517 489 unde
542 452 589 489 et
628 441 830 489 multum
863 441 930 489 eis
968 441 1321 491 maturandum.
1360 441 1430 489 llli
1463 442 1565 489 sine
1597 439 1823 490 dilafione

385 519 708 580 advenerunt,
736 520 785 568 in
815 518 1049 586 obsequio
1074 521 1287 579 domini,
1321 521 1641 588 paratissimos
1667 510 1718 568 se
1742 517 1824 568 de-

386 607 721 646 monstrantes·
764 598 985 647 Arnulfus
1011 599 1103 648 alia
1126 616 1216 667 pro
1246 599 1349 648 aliis
1373 599 1517 657 dans,
1553 596 1689 665 quod
1712 612 1824 646 vere

387 677 580 725 molitur
613 678 803 743 penitus
843 678 1123 727 dissimulat.
1165 679 1236 728 Ad
1266 678 1383 745 quid
1413 679 1572 746 potius
1608 674 1824 726 intendat

384 771 553 802 omnes
578 755 815 819 ignorant.
847 757 938 804 Uni
970 766 1156 805 tantum
1181 757 1243 806 de
1266 758 1402 823 cujus
1433 756 1752 806 taciturnitate
1777 764 1824 804 et

385 832 481 880 fide
505 850 606 881 non
631 833 900 896 diffidebat,
929 834 978 883 id
1005 845 1161 885 totum
1187 836 1409 885 credulus
1433 835 1687 885 commisit.
1716 837 1824 894 Qua

384 921 527 959 nocte
551 912 784 961 Karolus⁶
830 914 1197 963 intromitendus
1215 915 1233 940 ³
1277 924 1400 963 esset
1435 913 1644 983 apen-uin
1684 922 1733 962 et
1771 921 1824 960 ut

383 999 497 1036 tunc
521 1000 770 1055 portarum
797 991 953 1040 claves
986 1009 1014 1040 a
1037 1010 1125 1041 suo
1149 993 1366 1042 cervicali
1391 992 1603 1053 tolleret,
1634 989 1824 1041 urbem-

383 1085 478 1132 que
503 1070 695 1118 armatis
726 1072 956 1137 aperiret,
986 1071 1140 1137 jussit.
1171 1076 1267 1121 Nec
1291 1072 1443 1120 multo
1470 1081 1581 1138 post
1615 1086 1712 1119 nox
1744 1070 1823 1119 cui

381 1147 476 1195 hoc
500 1147 765 1198 debebatur
788 1150 1017 1217 flagitium
1053 1151 1200 1199 affuit.
1243 1150 1444 1199 Karolus
1475 1166 1588 1199 cum
1615 1149 1822 1198 exercitu

382 1235 600 1292 tempore
633 1227 862 1294 deputato
895 1228 957 1277 ad
1000 1240 1163 1295 portas
1201 1229 1331 1277 urbis
1368 1237 1632 1277 nocturnus
1668 1226 1839 1276 affuit.-

383 1304 577 1369 Algerus
615 1306 924 1372 presbiter—
941 1308 1007 1355 sic
1034 1309 1164 1356 enim
1192 1306 1450 1355 vocabatur
1471 1331 1539 1345 --
1562 1306 1821 1353 introrsum

382 1399 494 1429 cum
521 1382 732 1432 clavibus
756 1402 807 1433 se
833 1396 1116 1451 praesentem
1140 1385 1321 1433 habuit.
1353 1388 1389 1433 A
1412 1401 1511 1451 quo
1531 1401 1645 1432 mox
1673 1394 1821 1450 portae

380 1460 625 1525 patefactae
642 1472 775 1521 sunt,
798 1465 1125 1529 exercitusque
1145 1464 1462 1512 intromissus.
1487 1461 1610 1511 Urbs
1625 1478 1821 1528 quoque

380 1555 409 1586 a
426 1540 732 1604 praedonibus
755 1542 941 1611 direpta
957 1554 1005 1592 et
1022 1543 1238 1610 spoliata.

700 1678 854 1714 XXXV.
866 1700 915 1708 —
926 1680 1064 1715 Arnum
1074 1680 1095 1702 ¹*
1110 1692 1322 1728 suorumque
1337 1678 1455 1727 captio
1465 1681 1500 1714 ¹.

448 1775 587 1823 Unde
615 1793 727 1825 cum
758 1778 940 1827 clamor
969 1796 1056 1845 per
1090 1779 1259 1828 urbem
1292 1779 1427 1828 fieret
1443 1816 1456 1840 ‚
1494 1778 1821 1845 tumultusque

380 1851 748 1903 discurrentium
766 1858 891 1905 cives
923 1858 1138 1906 incautos
1168 1858 1413 1919 excitaret,
1444 1857 1665 1906 Arnulfus
1686 1873 1822 1924 aeque

381 1931 624 1981 turbatum
664 1934 874 1984 clamore
906 1953 1008 1985 sese
1039 1936 1243 1985 simulat.
1283 1939 1342 1985 Et
1371 1936 1557 2003 fingens
1601 1946 1783 1985 metum
1803 1973 1817 1998 ‚

381 2012 550 2058 turrim
574 2014 710 2078 petiit
731 2025 874 2080 atque
893 2015 1187 2063 conscendit.
1212 2018 1369 2074 Quem
1389 2016 1588 2064 comites
1605 2014 1623 2040 ⁸
1650 2015 1819 2075 secuti,

380 2099 490 2152 post
513 2106 563 2136 se
587 2091 706 2139 ostia
724 2091 1021 2140 obseravere.
1046 2092 1247 2141 Karolus
1275 2092 1525 2141 Arnulfum
1542 2093 1824 2160 perquirens

380 2183 470 2214 nec
493 2169 734 2234 reperiens
751 2206 764 2231 ‚
799 2170 995 2219 ubinam
1028 2170 1194 2219 lateret
1228 2171 1540 2220 scrutabatur.
1584 2171 1672 2220 Cui
1710 2187 1821 2219 cum

381 2246 666 2310 proderetur
686 2249 736 2295 in
770 2250 910 2297 turris
939 2247 1188 2297 cacumine
1211 2249 1357 2298 latere
1374 2286 1388 2311 ,
1431 2250 1554 2298 ostio
1581 2266 1695 2297 mox
1718 2266 1824 2297 cus-

382 2324 518 2372 todes
539 2325 772 2374 adhibuit.
796 2331 854 2375 Et
882 2329 1112 2392 quoniam
1136 2345 1227 2376 nec
1254 2328 1416 2376 cibum
1444 2345 1533 2376 nec
1555 2344 1687 2376 arma
1712 2338 1823 2376 ante

380 2415 740 2468 congesserant,
779 2406 953 2454 Karolo
993 2406 1200 2467 cedunt,
1242 2418 1385 2473 atque
1428 2424 1457 2455 a
1492 2408 1609 2456 turri
1650 2408 1825 2474 egressi

383 2491 509 2530 sunt.

429 2614 449 2635 ⁸
476 2614 507 2657 ἱ,
527 2627 552 2662 p
568 2614 709 2649 abscisa.

430 2678 436 2691 ¹
466 2671 637 2706 exercitus
651 2684 749 2719 supra
759 2674 871 2722 posito
892 2674 939 2708 K.
960 2673 1074 2709 codes.

427 2731 442 2751 ²
464 2732 512 2764 ica
533 2730 648 2765 codex.

429 2791 443 2810 ³
469 2791 650 2826 commites
666 2791 781 2826 codex.
