1872 3372
343 281 424 319 1⁵0
824 279 1044 320 mentem
1079 280 1180 321 mn.
1216 282 1287 321 lV.

340 386 510 418 narum
530 379 577 418 et
594 369 915 418 humanarum
942 387 1101 419 rerum
1119 372 1315 420 scientia
1340 371 1606 434 excelleret,
1634 383 1779 440 atque

339 448 569 498 facundiae
594 447 869 498 efficacitate
894 450 1152 515 plurimum
1178 449 1369 498 valeret.

1002 636 1108 670 vlu.

406 745 573 789 Factus
586 742 744 806 itaque
762 757 873 789 cum
892 740 1016 788 duce
1033 741 1250 788 omnium
1267 740 1471 800 medius,
1488 742 1554 790 ait
1573 760 1584 789 ι
1610 761 1634 788 «
1652 741 1782 812 Rege

342 840 366 865 ι(
389 830 554 867 nostro
579 820 792 886 piissimo
806 856 819 880 ,
848 820 970 866 inter
988 818 1327 867 intellectibilia
1345 820 1572 868 translato
1585 857 1599 882 ,
1619 821 1783 887 magni

343 919 367 944 «
390 899 525 946 ducis
552 907 919 963 ceterorumque
946 897 1219 964 principum
1252 897 1578 948 benivolentia
1608 898 1671 948 ab
1696 897 1783 949 ob-

343 977 521 1042 «jectis
545 987 789 1042 purgatus,
812 977 878 1023 rei
898 974 1100 1042 publicae
1123 975 1428 1023 consulturus
1447 974 1661 1026 consedI.
1684 978 1783 1027 Nec

343 1076 367 1101 «
390 1055 524 1103 sedet
542 1055 728 1115 animo,
757 1065 811 1102 ut
834 1055 1093 1119 quicquam
1117 1053 1208 1100 nisi
1233 1053 1294 1101 ad
1313 1053 1581 1122 profectum
1596 1053 1668 1104 rei
1690 1049 1781 1131 pli·

343 1156 365 1180 «
392 1134 524 1182 blicae
543 1134 746 1182 edicam.
768 1136 1037 1181 Commune
1057 1131 1309 1180 consilium
1327 1148 1489 1198 quaero
1502 1169 1516 1195 ,
1540 1133 1654 1199 quia
1675 1132 1781 1184 om·

345 1236 367 1259 «
392 1213 534 1261 nibus
558 1212 787 1280 prodesse
813 1211 972 1278 cupio.
996 1213 1119 1259 Cum
1142 1209 1333 1258 videam
1352 1227 1452 1258 non
1471 1211 1786 1282 ompesjprin-
1813 1242 1819 1249 ·

345 1309 369 1334 «
392 1289 522 1356 cipes
540 1288 726 1348 adesse,
744 1303 954 1353 quorum
971 1301 1167 1351 quoque
1194 1283 1451 1351 prudentia
1468 1295 1516 1334 et
1542 1282 1784 1353 diligentia

345 1388 370 1414 «
391 1385 467 1415 res
489 1368 625 1432 regni
653 1365 973 1415 administrari
996 1363 1210 1423 valeant,
1233 1363 1353 1412 ratio
1378 1363 1615 1430 querendi
1641 1363 1794 1432 regia

345 1469 368 1493 «
392 1457 445 1495 ut
463 1446 582 1494 mihi
599 1445 804 1507 videtur,
826 1445 888 1493 ad
907 1455 1095 1510 tempus
1119 1442 1384 1492 differenda
1410 1454 1497 1505 est,
1514 1453 1585 1506 ut,
1606 1453 1784 1495 statuto

345 1547 368 1572 «
392 1538 628 1592 tempore,
652 1536 700 1574 et
718 1541 887 1575 omnes
906 1524 955 1571 in
974 1540 1127 1572 unum
1146 1523 1410 1583 confluant,
1428 1534 1476 1571 et
1490 1524 1787 1589 uniuscnjus-

346 1626 369 1650 «
393 1621 488 1670 que
512 1605 634 1652 ratio
660 1603 849 1652 elimata
874 1603 987 1650 etin
1014 1601 1228 1649 medium
1251 1602 1437 1667 prolata
1454 1618 1592 1652 suam
1607 1602 1787 1652 utilita-

347 1703 370 1729 «
393 1693 491 1731 tem
515 1681 866 1730 accommodet.
900 1681 1039 1742 Unde
1065 1691 1114 1729 et
1131 1680 1267 1728 vobis
1281 1718 1293 1741 ‚
1316 1681 1401 1746 qui
1423 1680 1503 1729 hic
1521 1681 1784 1730 consulturi

345 1783 367 1807 «
392 1762 593 1822 adestis,
615 1761 799 1827 placeat
822 1777 909 1808 vos
935 1776 1127 1807 mecum
1145 1776 1321 1824 magno
1347 1759 1460 1826 duci
1483 1771 1785 1810 sacramento

341 1862 364 1887 «
388 1840 586 1906 alligari,
606 1850 654 1888 et
667 1855 831 1887 coram
849 1838 1088 1905 spondere
1106 1838 1168 1886 de
1184 1839 1406 1905 principe
1423 1838 1677 1888 statuendo
1695 1856 1784 1889 vos

343 1940 366 1964 «
389 1918 509 1967 nihil
533 1919 802 1984 quesituros
815 1954 828 1978 ,
849 1917 969 1964 nihil
987 1916 1237 1964 molituros
1250 1954 1263 1977 ,
1283 1917 1443 1965 donec
1459 1917 1510 1965 in
1533 1934 1689 1966 unum
1710 1934 1785 1966 re·

343 2016 367 2043 «
390 1996 616 2058 deamus,
646 2006 694 2044 et
721 1997 788 2044 sic
811 1996 874 2043 de
896 1995 1123 2043 habendo
1152 1996 1370 2063 principe
1395 1996 1643 2061 agitemus.
1679 1995 1785 2044 Plu-

345 2094 370 2120 «
392 2076 570 2123 rimum
595 2076 724 2122 enim
743 2074 868 2123 valet
893 2073 1225 2122 deliberationi
1252 2075 1357 2123 dari
1374 2075 1582 2142 spatium
1600 2084 1784 2142 tempo-

343 2175 367 2199 «
389 2155 478 2215 ris;
508 2155 556 2201 in
584 2170 681 2219 quo
706 2169 1061 2219 quamcumque
1090 2170 1194 2201 rem
1221 2154 1424 2219 quisque
1450 2153 1698 2215 discutiat,
1735 2163 1784 2203 et

342 2253 365 2278 «
388 2232 649 2282 discussam
668 2232 819 2280 multa
836 2231 1079 2297 diligentia
1096 2232 1260 2298 poliat.
1290 2251 1312 2276 »
1335 2235 1445 2280 Haec
1469 2231 1703 2280 sententia
1720 2230 1783 2280 ab

337 2311 564 2359 omnibus
596 2322 816 2377 suscepta
844 2311 1082 2359 laudatur.
1126 2312 1434 2359 Sacramento
1469 2311 1640 2377 itaque*
1669 2309 1782 2358 duci

337 2390 604 2456 alligantur.
636 2393 842 2457 Tempus
868 2389 1101 2438 redeundi
1119 2400 1166 2438 et
1188 2389 1509 2439 conveniendi
1538 2389 1783 2438 constitui-

337 2479 430 2518 tur.
453 2470 531 2518 Sic
549 2487 743 2535 quoque
768 2487 797 2518 a
825 2487 875 2518 se
894 2468 1035 2517 soluti
1054 2479 1180 2517 sunt.
