1872 3372
349 252 431 290 280
819 247 1039 287 tuemini
1072 248 1172 289 mn.
1207 248 1277 289 lv,

350 353 475 397 rum,
497 346 545 384 at
569 345 741 383 contra
767 336 1045 396 inimicum3
1067 338 1106 384 si
1132 352 1214 384 rex
1238 334 1420 400 jubeat,
1442 352 1494 384 se
1520 352 1637 398 mog
1658 336 1784 385 ulte-

349 416 450 463 rius
467 416 664 474 iturum,
692 425 740 462 et
763 414 853 462 sibi
869 415 930 462 de
954 414 1180 462 omnibus
1201 413 1564 466 satisfacturum.
1595 416 1690 462 Rex
1712 430 1784 463 ra-

347 492 490 541 tionis
506 491 896 556 consequentiam
915 491 1184 550 advertens,
1217 501 1400 539 tantum
1422 491 1576 539 virum
1604 490 1785 556 absque

346 587 488 620 causa
508 587 535 619 a
554 587 604 618 se
630 570 812 630 laesum,
834 579 1108 635 suspectum
1134 569 1357 618 habebat.
1395 569 1533 617 Unde
1549 578 1677 618 etue
1702 584 1788 642 pe·

346 650 473 697 nitus
497 666 524 696 a
547 666 598 696 se
616 648 857 708 deficeret,
885 647 947 696 ab
972 663 1030 696 eo
1051 646 1243 696 obsides
1277 647 1367 695 sub
1390 664 1508 713 pace
1541 655 1785 712 sequestra

347 729 553 792 accepit;
584 727 645 774 de
664 727 888 774 omnibus
910 743 1015 792 quae
1042 726 1086 773 ei
1111 725 1394 786 intenderet,
1418 736 1525 792 post
1548 726 1785 774 rationem

343 805 405 853 ab
434 822 492 852 eo
527 804 791 852 auditurus.
823 804 961 852 Unde
986 814 1033 851 et
1057 805 1314 853 exercitum
1351 804 1609 865 reducens,
1655 804 1783 852 Pari-

345 886 468 931 sium
495 884 703 931 devenit.
733 882 843 931 odo
869 899 1064 948 quoque
1096 883 1215 931 nihil
1237 884 1475 944 amittens,
1511 883 1784 950 indempnis

347 962 540 1012 Meldim
564 979 676 1010 cum
701 963 798 1009 suis
833 961 1041 1010 devenit.
1078 961 1196 1010 lude
1230 962 1373 1010 etiam
1407 971 1517 1028 post
1550 962 1653 1011 dies
1683 979 1783 1011 non

348 1041 542 1099 multos,
568 1050 775 1096 castrum
811 1040 944 1106 quod
980 1043 1176 1088 Dunum
1200 1040 1390 1101 dieitur,
1422 1058 1507 1099 sua
1530 1040 1786 1107 dispositu·

348 1137 427 1167 rus
452 1120 600 1185 petiit.

781 1202 910 1241 xcw.
925 1220 974 1227 -
988 1200 1145 1235 Obitus*
1169 1200 1342 1236 οᾱοηῑθ.

415 1300 553 1347 Unde
577 1316 687 1347 cum
711 1299 772 1347 de
798 1299 894 1347 suis
916 1315 1038 1364 quos
1061 1298 1150 1345 sub
1174 1314 1292 1364 pace
1316 1307 1558 1364 sequestra
1582 1299 1679 1364 regi
1708 1299 1788 1348 de-

349 1378 609 1443 legaverat,
645 1378 850 1445 plurima
884 1378 1235 1429 consultatione
1265 1377 1575 1438 deliberaret,
1614 1378 1788 1426 humo-

350 1473 458 1503 rum
477 1457 487 1480 '
512 1457 836 1523 superfluitate
861 1474 950 1524 pro
969 1456 1200 1522 temporis
1219 1456 1550 1504 immutatione
1570 1467 1783 1522 vexatus,

349 1535 398 1581 in
425 1534 740 1600 egritudinem
770 1551 875 1600 quae
900 1550 927 1581 a
963 1534 1155 1600 phisicis
1179 1534 1423 1599 synantica
1456 1533 1630 1602 dicitur
1651 1534 1788 1582 deci-

350 1611 435 1660 dit.
475 1614 592 1670 Quae
616 1629 727 1659 cum
755 1613 878 1659 intra
916 1611 1035 1676 gulae
1060 1612 1286 1660 interiora
1316 1612 1480 1660 sedem
1509 1611 1700 1673 babeat,
1730 1628 1788 1660 ex

351 1690 585 1737 fleumatis
618 1690 923 1737 reumatismo
952 1706 1218 1755 progressa,
1252 1700 1411 1738 tamen
1446 1689 1705 1755 aliquando
1726 1689 1788 1737 ad

351 1768 563 1816 maxillas
586 1779 634 1817 et
665 1785 825 1834 genas,
862 1768 1120 1833 aliquando
1145 1768 1208 1816 ad
1235 1779 1445 1817 toracem
1467 1779 1515 1817 et
1536 1767 1790 1835 pulmones

352 1857 590 1894 tumorem
618 1863 729 1894 cum
755 1846 923 1894 dolore
956 1848 1085 1911 gravi
1110 1847 1335 1895 immittit.
1366 1846 1550 1905 Quibus
1569 1846 1792 1904 tumenti-

351 1924 442 1971 bus
477 1935 620 1989 atque
650 1924 938 1973 ferventibus
969 1935 1164 1990 excepta
1203 1925 1322 1973 initii
1353 1924 1458 1984 die,
1486 1935 1598 1991 post
1626 1924 1789 1974 diatri-

352 2012 471 2062 tum,
508 2003 769 2069 patientem
810 2004 1014 2069 perimit.
1058 2007 1110 2050 ln
1143 2003 1268 2051 hanc
1304 2004 1445 2068 igitur
1474 2003 1585 2051 Odo
1610 2003 1786 2070 lapsus,

350 2081 529 2128 infestis
567 2082 686 2146 gulae
716 2081 965 2129 doloribus
994 2083 1366 2147 circumquaque
1390 2081 1690 2148 pulsabatur;
1718 2098 1791 2130 ar-

350 2159 576 2207 teriarum
613 2177 807 2225 quoque
838 2161 1010 2220 fervor,
1040 2161 1272 2208 sermonis
1296 2161 1651 2208 intercisionem
1672 2177 1789 2228 ope-

350 2236 558 2284 rabatur.
592 2240 688 2286 Nec
712 2238 847 2303 petiit
870 2238 1146 2303 hujusmodi
1170 2238 1312 2286 dolor
1333 2239 1499 2304 capitis
1522 2238 1786 2304 superiora,

351 2325 399 2362 at
415 2314 679 2380 praecordia
694 2327 1037 2382 pertemptans,
1065 2317 1347 2383 pulmonem
1370 2327 1418 2365 et
1431 2333 1547 2383 epar
1560 2326 1789 2382 peracuto

350 2393 520 2441 dolore
542 2393 831 2441 stimulabat.
861 2395 967 2441 Fuit
991 2395 1150 2459 itaque
1168 2395 1371 2442 militum
1391 2395 1564 2456 luctus,
1592 2394 1791 2443 famulo-

351 2488 458 2518 rum
477 2471 675 2531 clamor,
703 2471 988 2519 feminarum
1012 2473 1234 2537 frequens
1256 2473 1553 2534 exclamatio,
1578 2489 1637 2521 eo
1656 2473 1791 2539 quod

353 2548 606 2597 dominum
628 2549 953 2598 inconsultum
970 2551 1266 2612 amittebant,
1289 2562 1336 2600 et
1360 2553 1483 2599 natis
1506 2549 1790 2607 dominandi

400 2701 417 2719 ¹*
443 2698 512 2733 Obi
527 2725 538 2742 ,
562 2698 644 2733 Odo
660 2699 799 2733 abscisa.

396 2754 407 2773 ⁸
434 2754 623 2789 homorum
640 2754 755 2788 codex.
