1890 3380
412 326 436 366 4
883 324 1096 365 mentitu
1132 323 1228 363 ΗΒ.
1266 323 1340 364 ΙΙΙ.

412 415 631 480 Remigii,
672 413 751 462 ubi
781 423 914 481 pater
943 429 1055 462 suus
1088 410 1343 460 tumulatus
1372 427 1481 459 cum
1512 411 1613 459 aliis
1643 412 1828 490 regibus

407 491 602 559 sepultis
641 490 925 557 quiescebat
975 493 1263 553 Creatusque
1303 503 1411 549 rex,
1455 506 1483 538 a
1524 499 1674 540 matre
1712 491 1828 541 cei·-

407 569 548 635 berga
573 570 805 635 simulque
823 579 870 617 et
888 586 944 634 p!
947 566 1177 633 incipibus
1197 565 1534 628 Laudunum,
1562 567 1642 616 ubi
1661 585 1719 617 ex
1742 585 1827 618 an·

406 649 539 714 tiquo
562 650 686 713 regia
710 665 811 697 esse
833 646 968 696 sedes
985 645 1270 705 dinoscitur,
1298 660 1470 709 magna
1493 662 1651 695 rerum
1675 647 1824 696 ambi·

403 728 532 774 tione
564 726 749 774 inclitus
778 724 1041 772 deducitur.
1088 726 1192 769 Dux
1226 722 1453 770 continue
1476 723 1519 771 ei
1550 723 1822 773 individuus

400 805 596 862 assidet;
630 814 677 851 et
709 803 769 851 ad
806 801 1000 850 multam
1032 802 1153 865 regis
1192 800 1573 849 benevolentiam
1608 803 1818 852 animum

400 883 677 940 intendens,
733 891 983 947 postquam
1029 879 1264 944 principes
1312 879 1360 924 in
1403 895 1486 926 sua
1533 879 1815 940 discessere,

397 962 587 1026 privatis
621 978 730 1007 cum
767 976 874 1023 rege
909 958 1159 1022 colloquiis
1193 955 1490 1004 coutebatur.
1546 960 1603 1004 Et
1639 968 1690 1006 ut
1724 975 1819 1007 suae

395 1039 626 1087 fidelitatis
652 1039 870 1084 virtutem
894 1036 1083 1101 penitus
1106 1034 1478 1094 demonstraret,
1515 1052 1672 1100 regem
1698 1037 1818 1100 ejus-

390 1134 484 1181 que
508 1126 704 1163 matrem
731 1130 839 1161 suas
863 1113 1004 1161 urbes
1029 1124 1073 1161 et
1107 1112 1284 1179 oppida
1317 1113 1364 1159 in
1392 1123 1487 1162 tota
1514 1115 1727 1163 Neustria
1751 1116 1816 1163 vi-

388 1210 489 1240 sere
514 1193 652 1257 petit,
689 1191 980 1255 obtinetque.

1067 1305 1136 1339 111.

449 1379 709 1428 Deducitur
741 1394 852 1442 ergo
884 1393 910 1424 a
942 1376 1064 1424 duce
1095 1392 1175 1424 rex
1206 1392 1318 1423 cum
1352 1385 1503 1424 matre
1536 1376 1698 1443 regina
1717 1394 1811 1450 'per

385 1458 644 1507 Neustriam
658 1494 672 1517 ,
711 1473 766 1504 ac
802 1456 863 1503 ab
897 1472 955 1503 eo
992 1454 1322 1503 decentissime
1351 1453 1582 1520 excipitur
1614 1455 1778 1504 Parisii
1792 1492 1806 1515 ,

385 1532 665 1590 Aurelianis,
709 1531 927 1589 Carnoti‚
965 1529 1194 1589 ⁷·1'u10nis,
1240 1527 1401 1588 Bleso,
1438 1526 1636 1596 aliisque
1667 1545 1811 1595 quam

381 1609 596 1675 plurimis
627 1610 849 1657 Neustriae
885 1607 1082 1655 urbibus
1117 1606 1419 1673 oppidisque.
1471 1605 1590 1662 Inde
1618 1623 1812 1673 quoque

380 1704 490 1735 cum
526 1688 730 1735 exercitu
771 1687 817 1733 in
849 1686 1144 1773 Aquitaniam
1181 1685 1412 1733 feruntur.
1443 1686 1527 1747 Et,
1561 1685 1812 1751 praemissis

381 1765 564 1829 legatis,
593 1782 703 1812 cum
724 1764 970 1811 Wilelmus
994 1764 1216 1829 princeps
1239 1778 1490 1811 occurrere
1507 1761 1684 1824 nollet,
1711 1763 1812 1811 Pio-

380 1844 523 1891 tavim
554 1843 860 1900 adoriuntur,
898 1842 1161 1907 principem
1186 1841 1250 1889 ibi
1276 1858 1378 1890 esse
1404 1841 1507 1889 rati.
1547 1844 1669 1889 Cum
1694 1857 1810 1907 ergo

379 1921 608 1969 exercitus
638 1921 1046 1968 vehementissime
1078 1919 1247 1967 urbem
1283 1921 1533 1980 attere‘mt,
1569 1928 1618 1968 et
1647 1918 1811 1968 diutis-

379 1994 496 2042 sime
534 2010 742 2060 pugnam
785 1994 976 2040 urbanis
1019 1993 1233 2052 inferret,
1279 2010 1307 2040 a
1345 1991 1631 2057 quibusdam
1672 1993 1809 2059 regiis

379 2082 583 2119 castrum
631 2081 800 2119 sanctae
852 2071 1150 2134 Radegundis
1203 2070 1308 2118 urbi
1361 2071 1639 2135 contiguum
1681 2066 1808 2119 dm—

379 2150 559 2198 destina
585 2149 839 2215 irreptione
863 2159 1053 2214 captum
1079 2159 1220 2213 atque
1241 2164 1525 2196 succensum
1536 2154 1629 2197 αἱ.
1666 2149 1806 2196 Com-

379 2238 513 2293 perto
539 2243 652 2274 vero
683 2227 947 2292 principem
978 2243 1075 2273 non
1108 2226 1295 2286 adesse,
1332 2225 1525 2274 tandem
1553 2234 1664 2291 post
1687 2223 1807 2273 duo-

379 2323 484 2353 rum
510 2305 742 2352 mensium
760 2304 883 2362 dies,
912 2305 1063 2351 victus
1086 2303 1345 2368 indigentia
1364 2303 1568 2352 exercitu
1593 2303 1802 2367 fatigato,

378 2383 438 2430 ab
462 2383 711 2430 obsidione
737 2382 1008 2429 disceditur.

1056 2480 1120 2512 lv.

441 2552 684 2599 Wilelmus
703 2569 815 2598 vero
843 2554 1073 2611 Arverniae
1114 2552 1230 2599 fines
1255 2552 1570 2617 perlustrans,
1601 2559 1707 2616 que
1732 2561 1803 2597 est

377 2630 632 2695 Aquitaniae
658 2646 791 2695 pars,
821 2629 880 2676 ab
905 2630 1093 2696 oppidis
1118 2630 1287 2677 milites
1311 2629 1568 2689 educebat,
1601 2626 1665 2675 ad
1683 2644 1800 2693 pug-

374 2725 485 2756 nam
522 2709 778 2755 exercitum
816 2709 1053 2774 colligens.
1102 2709 1407 2773 Collectoque
1438 2708 1484 2755 in
1519 2722 1679 2771 regem
1711 2705 1799 2752 fer·

421 2838 430 2859 ⁸
454 2837 595 2873 laudum
614 2851 685 2870 corr
