1872 3372
349 271 425 311 198
821 270 1042 313 menam
1072 272 1172 314 LlB.
1205 273 1278 314 lv.

343 359 467 425 pisse
493 357 654 419 letati,
688 359 789 407 haec
817 359 1019 410 domino
1047 361 1271 411 referunt.
1307 364 1401 421 Qui
1429 361 1612 413 fallatiae
1638 365 1780 415 semi·

340 436 529 485 narium
566 436 741 485 utiliter
773 437 983 503 positum
1013 438 1346 500 consideranS,
1373 439 1559 490 alcioris
1599 441 1778 491 machi-

342 517 554 564 namenti
592 516 730 563 dolos
771 516 964 583 prodire
995 534 1135 584 posse
1176 517 1392 567 advertit.
1442 522 1552 567 Post
1581 519 1683 568 baec
1727 520 1779 569 in

340 593 502 643 locum
543 604 771 642 statutum
796 594 885 643 sibi
915 606 1197 657 occurrunt;
1236 596 1531 663 amplexibus
1563 596 1781 665 pluribus

341 682 484 738 atque
517 673 691 720 osculis
719 672 807 723 sibi
840 674 1244 739 congratulantes3
1281 685 1437 724 tantos
1474 675 1538 724 ibi
1579 675 1780 726 demon-

341 761 542 798 strantes
580 750 775 800 affectus
817 752 987 812 animi,
1035 763 1088 801 ut
1133 753 1263 814 nulla
1303 754 1574 816 simulatio,
1619 752 1779 804 nullus

341 829 481 879 dolus
507 829 763 878 videretur.

603 963 721 998 XLII.
734 983 783 991 —
794 962 1024 999 Adalberonis
1035 965 1056 988 θ
1072 963 1195 1001 dolon
1219 964 1445 1000 machinatio.
1459 965 1495 999 ⁸.

408 1064 464 1108 At
487 1071 743 1126 postquam
773 1062 884 1110 satis
906 1061 1336 1128 amplexationum,
1370 1062 1646 1112 osculorum
1668 1064 1779 1112 satis

345 1139 520 1186 factum
554 1149 648 1200 est,
678 1139 914 1189 Adalbero
947 1157 1095 1206 penes
1133 1158 1279 1206 quem
1308 1140 1620 1190 simulationis
1645 1141 1782 1190 color

341 1227 389 1265 et
427 1217 527 1265 doli
568 1235 691 1266 onus
730 1228 858 1278 erat,
904 1219 1150 1266 incautum
1199 1219 1266 1266 sic
1305 1219 1439 1284 prior
1483 1218 1743 1284 alloquitur
1763 1236 1804 1271 z,

345 1317 368 1341 κ
399 1296 532 1344 Idem
567 1314 728 1358 casus,
772 1297 1037 1363 eademque
1077 1297 1266 1345 fortuna
1319 1297 1488 1347 ambos
1522 1314 1613 1346 nos
1652 1295 1780 1346 male

345 1394 369 1419 «
397 1376 694 1440 perstringit3
727 1376 858 1424 unde
882 1386 930 1423 et
947 1376 1076 1424 idem
1102 1375 1355 1423 consilium
1378 1374 1644 1441 eademque
1659 1374 1780 1423 ratio

345 1472 369 1496 «
398 1451 539 1501 nobis
572 1453 807 1519 captanda
841 1454 1045 1501 videtur.
1088 1456 1249 1520 Nuper
1284 1455 1414 1502 enim
1452 1453 1597 1502 ambo
1637 1452 1778 1519 lapsi,

345 1550 369 1576 «
398 1547 486 1579 vos
512 1530 573 1579 ab
613 1531 761 1597 gratia
800 1532 945 1597 regis,
980 1548 1068 1596 ego
1108 1548 1136 1580 a
1163 1532 1324 1580 Karoli
1360 1532 1567 1581 amicitis
1603 1530 1777 1580 decidi.

345 1628 371 1654 «
399 1609 538 1657 Unde
550 1620 598 1657 et
613 1626 743 1658 nunc
754 1626 841 1658 vos
850 1609 1041 1668 Karolo‚
1056 1626 1144 1675 ego
1154 1610 1253 1675 regi
1266 1610 1416 1658 faveo.
1431 1609 1514 1659 Ille
1522 1609 1681 1670 vobis,
1694 1609 1783 1659 iste

345 1706 369 1733 «
398 1688 517 1735 mihi
543 1689 899 1755 promptissime
923 1689 1089 1737 credit.
1118 1689 1167 1736 Si
1197 1690 1356 1755 itaque
1385 1705 1474 1756 per
1500 1705 1588 1737 vos
1619 1688 1782 1737 Karoli

345 1786 369 1811 «
399 1782 536 1814 amor
559 1767 678 1815 mihi
698 1768 986 1828 restituatur,
1009 1769 1130 1833 regis
1159 1768 1305 1834 gratia
1329 1766 1467 1815 vobis
1483 1783 1584 1815 non
1609 1766 1776 1816 aberit.

346 1863 371 1890 «
398 1844 544 1903 Quod
589 1855 637 1893 et
678 1844 802 1893 facto
845 1845 1036 1894 difficile
1068 1863 1170 1896 non
1211 1847 1314 1895 erit.
1367 1845 1599 1894 Karolum
1640 1845 1784 1915 igitur

345 1946 370 1973 u
397 1927 652 1975 convenite
667 1963 680 1988 ‚
714 1937 762 1975 et
791 1944 881 1994 pro
904 1944 982 1975 me
1007 1929 1046 1975 si
1067 1927 1189 1977 forte
1221 1927 1510 1976 concesserit
1536 1936 1686 1976 orate.
1708 1929 1782 1976 De

344 2028 369 2055 «
396 2008 492 2057 fide
514 2025 624 2074 erga
639 2026 752 2057 eum
765 2009 1005 2069 habenda,
1026 2010 1175 2058 multa
1187 2009 1346 2058 dicere
1367 2026 1468 2057 non
1487 2007 1655 2058 inutile
1671 2009 1776 2060 erit.

342 2111 365 2137 «
395 2094 468 2139 De
494 2090 668 2156 quibus
684 2092 722 2139 si
745 2091 864 2156 quid
887 2093 931 2140 ei
947 2091 1148 2140 dubium
1166 2092 1321 2140 visum
1338 2091 1494 2153 fuerit,
1513 2099 1623 2162 post
1639 2089 1783 2143 dicite

341 2192 366 2218 ι(
393 2172 702 2239 probandum
736 2175 1059 2222 sacramentis.
1091 2175 1139 2222 Si
1174 2174 1249 2222 his
1282 2174 1585 2240 episcopatus
1622 2171 1781 2221 reddi-

341 2270 365 2296 «
393 2250 518 2299 derit
537 2250 722 2312 sedem,
743 2250 901 2299 adsint
917 2262 1191 2300 sanctorum
1210 2251 1419 2316 reliquiae
1431 2287 1444 2311 ‚
1466 2261 1659 2317 paratus
1673 2267 1782 2300 sum

340 2350 364 2374 «
395 2329 543 2377 fidem
568 2329 739 2379 facere.
760 2331 808 2378 Si
835 2330 931 2378 hoc
945 2331 1057 2379 satis
1080 2331 1170 2379 erit
1194 2340 1243 2378 et
1265 2329 1550 2390 reddiderit,
1577 2329 1642 2378 de
1658 2329 1781 2395 regis

342 2428 367 2455 «
395 2409 543 2474 gratia
570 2408 832 2475 plurimum
860 2409 1103 2458 confidite.
1135 2413 1188 2457 ln
1215 2409 1307 2457 hac
1329 2408 1490 2474 lingua
1522 2418 1571 2458 et
1602 2425 1776 2470 manu,
1829 2462 1836 2466 .

339 2507 363 2533 u
392 2504 484 2552 pax
502 2488 589 2535 sita
608 2497 678 2536 est
696 2498 744 2536 et
766 2487 1055 2537 dissidentia.
1081 2490 1256 2553 Regem
1273 2486 1435 2535 adibo.
1455 2486 1782 2536 Commodum

340 2585 363 2609 «
391 2564 638 2630 quoddam
669 2565 920 2632 spondebo
940 2602 953 2626 ‚
995 2567 1128 2631 qu‘od
1161 2583 1262 2615 non
1295 2566 1454 2615 solum
1486 2565 1577 2614 sibi
1613 2564 1701 2614 sed
1732 2575 1782 2614 et

338 2664 361 2687 «
392 2645 593 2709 posteris
635 2645 695 2693 sit
735 2646 1055 2711 profuturum.
1108 2644 1258 2693 Dolos
1307 2644 1468 2694 Karoli
1515 2643 1776 2712 proferam-

383 2780 403 2800 *
430 2778 666 2816 Adalberonis
679 2809 688 2824 ,
708 2781 848 2817 machin
865 2780 1003 2817 abscisa.
