1872 3372
364 298 440 338 120
841 297 1059 338 lucnssm
1091 297 1189 338 Lm.
1220 298 1300 339 111.

356 382 562 443 bitrans,
592 394 832 450 sceptrum
855 394 902 432 et
920 401 1151 432 coronam
1175 384 1264 434 sibi
1282 386 1481 453 paravit.
1512 385 1658 445 Quod
1681 385 1800 436 dum

357 478 385 509 a
416 462 639 510 Lothario
673 462 994 529 expetendum
1024 464 1276 530 cogitaret,
1321 481 1530 530 eumque
1569 481 1799 514 concessa

359 539 542 603 Belgica
561 539 647 587 sibi
668 540 843 587 sotium
857 550 903 587 et
922 541 1130 588 amicum
1148 540 1299 590 facere
1318 542 1568 590 moliretur
1583 578 1596 602 ‚
1618 541 1798 608 legatos

359 619 602 684 praemisit,
631 618 761 685 apud
774 635 897 684 quos
911 655 923 678 ‚
953 629 1252 668 sacramento
1270 636 1531 669 commune
1547 619 1803 686 negocium

357 696 643 745 sinuaretur.
673 700 784 755 Quo
810 698 954 745 ctiam
978 708 1304 759 sacramento,
1334 699 1523 765 utrique
1551 715 1685 765 reges
1709 697 1800 747 sibi

357 777 697 843 pollicerentur
712 815 724 838 ‚
753 795 855 828 sese
879 795 1023 844 super
1047 779 1268 828 Rhenum
1292 779 1401 829 loco
1425 781 1687 830 constituto
1710 779 1800 829 sibi

357 875 654 908 occursuros.

991 1261 1103 1296 xcv}
1111 1262 1161 1295 11.

423 1374 608 1432 Quibus
631 1391 718 1441 per
749 1374 928 1439 legatos
948 1376 1141 1439 juratis,
1179 1375 1431 1423 Lotharius
1470 1386 1688 1442 tempore
1712 1385 1806 1424 sta-

359 1467 462 1504 tuto
488 1474 600 1504 cum
625 1458 833 1504 exercitu
859 1474 944 1522 per
974 1457 1210 1523 Belgicam
1241 1458 1501 1515 transiens,
1531 1474 1593 1506 ne
1619 1468 1804 1507 tenere-

358 1545 436 1583 tur
459 1537 742 1583 sacramenti
767 1536 1031 1597 obnoxius,
1066 1537 1127 1585 ad
1154 1537 1314 1584 locum
1346 1537 1498 1585 Rheni
1521 1535 1802 1585 condictum

358 1618 565 1666 devenit.
591 1618 754 1666 Hezilo
774 1636 875 1667 sese
896 1630 1115 1668 metuens
1132 1621 1179 1667 in
1197 1621 1511 1686 suspitionem
1529 1620 1803 1687 principum

358 1700 521 1747 venire
561 1701 599 1747 si
643 1700 867 1747 Lothario
903 1712 1201 1761 occurreret,
1246 1702 1342 1749 acsi
1375 1718 1487 1750 eum
1515 1701 1565 1749 in
1603 1716 1805 1767 regnum

357 1779 571 1844 recipere
600 1778 768 1839 vellet,
799 1780 995 1846 perjurii
1023 1797 1155 1839 reus,
1191 1796 1446 1828 occurrere
1480 1779 1678 1828 distulit.
1719 1782 1810 1828 Lo-

357 1855 542 1905 tharius
576 1874 627 1905 se
653 1857 845 1905 illusum
872 1858 1126 1907 advertens
1162 1859 1328 1919 rediit,
1366 1876 1468 1907 non
1507 1869 1671 1908 tamen
1708 1859 1812 1908 sine

358 1935 564 1984 difficilis
586 1935 765 1985 laboris
796 1938 1127 1985 incommoda
1163 1939 1282 1985 Nam
1309 1938 1460 2004 Belgae
1489 1955 1578 2004 per
1601 1955 1812 2004 quorum

359 2015 574 2063 medium
599 2032 712 2063 cum
744 2016 956 2080 equitatu
987 2026 1031 2063 t1
1032 2027 1261 2077 anslerat
1292 2016 1526 2082 indignati
1554 2016 1804 2078 munisse,

356 2094 458 2142 vias
491 2094 789 2160 transpositis
815 2094 1067 2142 arboribus
1104 2053 1402 2161 impediunt,
1445 2105 1528 2144 aut
1562 2095 1700 2144 fossis
1734 2096 1807 2144 in-

284 2165 288 2171 *
359 2173 525 2220 mersis
556 2183 846 2220 revertentes
879 2172 1164 2239 prohibent3
1202 2191 1303 2221 non
1338 2185 1391 2222 ut
1420 2184 1587 2241 aperto
1628 2190 1803 2242 campo

359 2252 632 2299 comminus
669 2250 923 2310 dimicent,
960 2252 1045 2299 sed
1080 2263 1133 2299 ut
1162 2253 1237 2300 his
1269 2254 1624 2320 impedimentis
1658 2270 1805 2303 cuno-

359 2340 512 2379 tantes
531 2347 559 2378 a
578 2340 711 2395 tergo
737 2341 959 2395 urgeant,
989 2341 1071 2378 aut
1096 2333 1335 2380 montium
1361 2332 1487 2398 jugis
1510 2333 1688 2394 securi,
1715 2349 1804 2400 per

358 2409 582 2457 inferiora
608 2419 906 2457 transeuntes
935 2409 1191 2458 missilibus
1218 2410 1380 2476 figant.
1418 2415 1475 2459 Et
1504 2412 1617 2477 quia
1641 2421 1805 2478 aperta

358 2489 515 2536 fronte
539 2497 662 2536 stare
687 2488 849 2534 animo
876 2504 976 2534 non
1003 2488 1111 2547 fuit,
1140 2490 1364 2553 sagittarii
1395 2507 1508 2538 cum
1531 2489 1739 2539 arcubus
1755 2492 1805 2539 et

358 2567 538 2614 balistis
555 2582 642 2631 per
666 2560 896 2613 montana
923 2565 1138 2632 dispositi
1163 2578 1290 2615 sunt.
1328 2571 1456 2615 Dum
1480 2585 1596 2634 ergo
1627 2568 1803 2616 exerci-

359 2657 435 2694 tus
464 2645 666 2704 subiret,
705 2645 770 2691 illi
805 2662 831 2691 a
865 2646 1191 2712 superioribus
1222 2647 1339 2695 alios
1365 2648 1543 2713 sagittis
1572 2645 1799 2712 figebant,

360 2724 478 2772 alios
510 2723 707 2771 diversis
741 2724 996 2771 missilibus
1028 2725 1318 2773 sauciabant.
1362 2729 1418 2773 At
1448 2726 1627 2773 tirones
1652 2724 1804 2773 sicubi

361 2803 575 2851 ascensui
595 2805 811 2869 pervium
828 2803 988 2850 locum
1008 2804 1250 2863 videbant,
1274 2805 1322 2851 in
1342 2802 1618 2867 hujusmodi
1639 2802 1804 2851 hostes
