1890 3380
399 263 450 301 :32
876 256 1095 299 mentun
1127 256 1225 298 Lm.
1260 255 1337 296 ΙΙΙ.

470 412 586 448 XXX.
601 410 763 455 —Quoil
783 410 956 445 Adalbcro
972 409 1191 457 privilegium
1204 409 1220 429 ⁸
1241 409 1276 443 in
1295 405 1420 442 sinodo
1440 407 1455 426 ’
1474 406 1517 440 ul»
1543 404 1716 452 epiwqfu
1732 407 1750 426 ⁶

913 469 1112 505 contii-mari
1129 472 1143 490 ⁸
1172 468 1249 503 set-ii
1266 470 1296 501 ·.

470 574 548 621 llis
565 574 625 620 ita
642 571 828 629 habitis,
849 581 954 637 post
972 587 1050 619 sex
1071 570 1307 618 mensium
1324 579 1511 634 tempus
1538 566 1599 614 ad
1613 573 1827 614 montem

400 661 569 701 sanctae
592 651 762 706 Mat-iar,
782 650 864 715 qui
884 650 1017 697 locus
1041 658 1110 696 est
1132 650 1387 696 Remorum
1407 646 1741 702 diocesaneus,
1767 642 1830 691 ab

402 730 572 778 eodem
626 727 992 793 metropolitano
1042 725 1240 774 sinodus
1286 725 1621 791 episcoporum
1673 721 1831 777 habita

405 818 490 855 cst.
526 806 711 865 Quibus
742 803 1119 863 considentibus,
1156 813 1265 870 post
1297 801 1516 868 quaedam
1542 800 1715 850 sinodo
1749 800 1833 848 uti-

406 889 490 948 lia,
528 897 670 952 atque
694 896 865 935 sanctae
882 885 1100 933 aecclesiae
1126 884 1410 942 commoda,
1442 881 1835 948 metropolitauus

406 982 568 1014 coram
605 966 671 1013 sic
704 965 1014 1011 concionatus
1042 964 1107 1011 ait
1132 982 1142 1010 :
1166 984 1188 1008 «
1219 962 1483 1021 Quoniam,
1520 969 1678 1026 patros
1709 975 1836 1007 reve·

410 1066 431 1087 «ι
465 1043 616 1100 rendi,
656 1042 803 1106 gratia
837 1041 985 1089 sancti
1012 1041 1211 1108 Spiritus
1241 1040 1319 1087 hic
1350 1038 1535 1087 collecti
1565 1054 1756 1097 sumus,
1789 1047 1837 1085 et

409 1142 430 1164 «
461 1136 565 1185 quae
598 1119 658 1166 de
692 1128 814 1166 statu
846 1127 1017 1166 sanctae
1046 1117 1262 1165 aecclesiae
1289 1117 1386 1163 visa
1413 1125 1523 1163 sunt
1549 1114 1679 1163 utilia
1710 1114 1837 1162 ordi-

411 1220 430 1241 «
464 1197 709 1254 navimus,
746 1206 887 1243 restat
922 1195 1080 1243 adhuc
1118 1211 1190 1243 res
1222 1194 1335 1240 mihi
1371 1194 1493 1240 adeo
1527 1192 1746 1259 placens,
1792 1202 1839 1239 et

410 1296 433 1320 «
465 1273 706 1321 nonnullis
745 1283 917 1320 nostrae
957 1272 1172 1320 aecclesiae
1214 1271 1320 1319 filiis
1349 1287 1479 1318 nunc
1520 1271 1646 1318 etin
1687 1259 1842 1337 poste-

412 1373 433 1395 «
466 1369 571 1399 rum
600 1350 875 1417 profutura;
915 1367 1059 1415 quam
1097 1350 1238 1398 etiam
1268 1359 1433 1397 vestrae
1468 1348 1684 1415 dignitati
1724 1349 1841 1397 indi·

412 1452 433 1474 «
464 1429 666 1478 eandam
698 1429 917 1488 arbitror,
952 1439 1093 1493 atque
1126 1427 1466 1476 roborandam.
1506 1430 1625 1476 Ante
1659 1437 1840 1494 septem

413 1533 434 1555 «
466 1512 699 1559 mensium
743 1511 873 1571 dies,
915 1521 964 1558 ut
1001 1510 1137 1558 vobis
1169 1526 1364 1575 quoque
1407 1509 1705 1557 notissimum
1738 1520 1838 1567 est,

413 1611 436 1633 «
467 1590 516 1637 in
550 1589 730 1638 ltaliam
765 1589 999 1648 concessi,
1031 1591 1326 1652 Romamque
1358 1587 1556 1644 deveni,
1588 1603 1647 1635 ac
1674 1586 1843 1637 domni

414 1689 435 1712 ι(
466 1678 514 1716 et
551 1667 798 1734 apostolici
842 1667 930 1714 viri
972 1667 1202 1714 Johannis
1236 1665 1477 1729 colloquio
1518 1665 1756 1731 simulque
1797 1676 1845 1714 et

415 1768 435 1790 «
468 1746 784 1794 benivolentia
828 1745 1185 1794 familiarissime
1218 1761 1356 1803 usuS,
1400 1743 1463 1791 ab
1505 1760 1565 1791 eo
1606 1752 1770 1810 petere
1804 1745 1844 1792 si

416 1846 438 1868 «ι
467 1824 584 1889 quid
630 1835 846 1890 optarem
888 1825 1097 1871 monitus
1141 1839 1264 1871 sum.
1309 1825 1545 1887 Ratusque
1583 1819 1845 1888 petendum

416 1922 437 1946 α
469 1911 519 1949 ut
565 1903 671 1949 res·
729 1902 895 1949 domni
937 1918 992 1949 ac
1032 1901 1221 1967 patroni
1271 1901 1420 1948 nostri
1463 1901 1697 1967 Remigii,
1750 1917 1846 1949 suae

418 2000 440 2023 «
469 1980 762 2028 auctoritatis
786 1979 1032 2045 privilegio
1057 1989 1222 2027 contra
1255 1979 1493 2044 quoslibet
1523 1979 1737 2028 tii-annos
1759 1980 1847 2027 sta'-

418 2078 439 2101 «
471 2057 648 2116 biliret,
680 2068 726 2104 et
758 2057 995 2105 abbatiam
1028 2058 1177 2105 sancti
1203 2057 1438 2105 Timothei
1463 2057 1693 2119 martiris,
1717 2072 1747 2106 a
1768 2073 1847 2105 me

419 2158 440 2179 «
473 2134 651 2194 datam,
687 2135 774 2183 illis
810 2136 990 2193 uniret,
1017 2135 1066 2182 id
1088 2135 1266 2200 absque
1294 2135 1606 2199 refragatione
1639 2133 1842 2183 obtinui.

420 2234 442 2258 «
472 2214 666 2279 Scripsit
698 2230 837 2277 ergO‚
877 2230 932 2260 ac
965 2229 1127 2260 coram
1158 2213 1394 2278 episcopis
1433 2230 1633 2262 numero
1666 2212 1849 2261 duode-

421 2311 442 2334 «
473 2291 565 2338 cim
602 2292 784 2338 recitari
825 2291 986 2354 jussit,
1038 2292 1200 2355 eisquc
1247 2291 1573 2339 roborandum
1618 2292 1843 2358 porrexit.

422 2390 443 2413 ι(
474 2368 618 2427 Quod
642 2379 689 2417 et
714 2368 882 2416 domui
912 2385 1044 2434 papae
1074 2368 1210 2433 sigilli
1242 2379 1353 2417 nota
1382 2370 1680 2434 insignitum,
1713 2369 1850 2418 vobis

423 2466 443 2488 «
475 2463 668 2511 quoque
698 2447 1024 2494 roborandum
1051 2447 1207 2506 attuli,
1249 2457 1300 2495 ut
1339 2448 1657 2514 plurimorum
1692 2456 1852 2497 aucto-

424 2545 446 2567 «
479 2526 611 2572 ritate
651 2525 929 2584 sulmixum,
975 2525 1214 2588 nullorum
1250 2526 1601 2575 machinatione
1635 2525 1852 2592 quando-

530 2709 543 2728 κ
605 2709 701 2738 sino,
722 2696 834 2742 scopis
850 2723 858 2736 ‚
879 2696 1006 2736 confir,
1030 2696 1074 2729 vit
1093 2696 1230 2729 ubst-isa.

478 2754 488 2772 ⁸
518 2761 556 2786 ut
576 2765 695 2787 omncs
713 2766 741 2787 r.
763 2752 906 2787 mobiles
926 2752 1083 2786 videliet-i
1102 2761 1201 2798 atquc
1220 2753 1403 2788 inmobiles
1419 2752 1536 2786 deleta.
