1872 3372
355 276 432 316 248
846 276 1064 318 menam
1099 278 1196 319 1218.
1234 279 1304 318 lv.

349 364 506 426 batur,
527 367 775 433 scelusque
799 383 899 415 nou
919 367 1128 432 tegebat,
1149 369 1272 417 sicut
1295 368 1518 432 gradibus
1533 381 1786 435 provectus

350 443 458 504 suit,
495 444 564 497 ita
583 444 807 510 gradibus
843 445 1180 510 deponeretur.
1218 448 1392 495 Suasus
1421 463 1557 511 ergo,
1598 449 1785 515 regibus

350 538 456 587 quae
474 522 536 570 ab
553 524 620 570 eis
638 533 883 588 acceperat
909 523 1136 583 reddidit,
1156 524 1469 573 sacerdotales
1488 542 1602 574 vero
1616 526 1787 577 infulas

350 602 587 667 episcopis
605 603 707 650 sine
722 619 857 650 mora
876 602 1062 649 laxavit.
1087 605 1405 667 Interrogatus
1416 604 1558 652 etiam
1574 620 1636 652 an
1654 604 1787 654 abdi·

351 681 551 728 cationis
574 690 621 727 et
650 680 835 746 repudii
860 680 1073 728 libellum
1098 680 1295 741 faceret,
1323 682 1383 729 ad
1412 693 1578 730 votum
1602 683 1785 750 episco-

350 773 526 822 porum
566 758 729 805 omnia
761 775 863 806 sese
902 757 1137 806 facturum
1177 760 1436 826 respondit.
1476 764 1534 809 Et
1573 761 1784 811 libellum

352 851 463 882 mox
495 835 724 901 scriptum
752 845 800 883 et
832 835 1070 896 oblatum,
1100 853 1265 885 coram
1289 838 1477 903 regibus
1502 840 1549 887 in
1578 839 1784 890 concilio

349 912 485 978 legit,
513 923 656 978 atque
680 913 968 978 subscripsit.

626 1058 776 1093 LXXII.
790 1078 838 1085 —
854 1059 986 1093 Textus
1001 1058 1110 1095 libelli
1133 1059 1271 1108 repudii
1287 1062 1308 1083 ¹
1330 1061 1482 1096 Amulfi.

413 1159 584 1203 'sextus
599 1166 759 1204 autem
778 1156 921 1204 libelli
939 1156 1218 1221 hujusmodi
1233 1169 1354 1206 erat:
1373 1178 1397 1203 «
1417 1162 1516 1224 Ego
1542 1159 1780 1220 Amanus,

350 1254 373 1278 «
403 1234 551 1298 gratia
575 1234 662 1281 Dei
690 1236 949 1282 Remorum
973 1235 1222 1300 quondam
1245 1237 1521 1302 episcopus,
1549 1253 1782 1302 recogno·
1804 1256 1810 1262 ·

352 1332 375 1356 «ι
406 1329 542 1359 scens
593 1312 887 1376 fragilitatem
929 1331 1087 1361 meam
1132 1324 1179 1362 et
1219 1315 1438 1380 pondera
1476 1326 1783 1383 peccatorum

350 1411 372 1435 ι(
406 1408 648 1450 meorum,
676 1401 816 1439 testes
841 1393 1135 1440 confessores
1164 1410 1298 1442 meos
1327 1394 1575 1459 Siguinum
1600 1394 1783 1444 archie-

351 1490 374 1514 «
402 1470 681 1535 piscopum,
730 1471 1007 1518 Daibertum
1058 1471 1494 1539 archiepiscopum,
1534 1473 1781 1532 Amulfum

350 1570 373 1593 «
404 1549 705 1615 episcopum,
751 1550 1144 1598 Godesmannum
1183 1552 1487 1618 episcopum,
1526 1553 1782 1603 Heriveum

348 1646 372 1672 «
402 1618 708 1694 episcopum,
739 1628 1009 1676 Ratbodum
1045 1630 1346 1697 episcopum,
1383 1631 1649 1681 Walterum
1680 1632 1781 1699 epi·

349 1726 371 1750 u
402 1722 626 1771 scopum,
644 1708 918 1755 Brunonem
929 1709 1224 1775 episcopum,
1242 1709 1469 1758 Milonem
1481 1710 1778 1777 episcopum,

349 1805 372 1828 α
405 1784 753 1833 Adalberonem
771 1786 1072 1852 episcopum,
1103 1787 1328 1835 Odonem
1346 1788 1624 1856 episcopum
1639 1824 1654 1849 ,
1680 1789 1782 1836 wi-

348 1883 372 1907 «
402 1862 580 1911 donem
593 1864 897 1929 episcopum,
920 1865 1221 1913 Heribertum
1239 1866 1543 1933 episcopum,
1557 1866 1781 1915 constitui

348 1961 371 1986 «
402 1941 521 1988 mihi
553 1941 738 2005 judices
770 1942 1054 1992 delictorum
1089 1960 1309 1991 meorum
1328 1980 1341 2003 ,
1382 1954 1430 1992 et
1462 1961 1634 2011 puram
1668 1945 1782 2016 ipsis

348 2039 372 2064 «
401 2020 753 2068 confessionem
793 2020 930 2081 dedi,
973 2038 1194 2086 quaerens.
1235 2022 1502 2075 remedium
1534 2019 1781 2093 penitendi

347 2117 371 2142 «
400 2107 448 2145 et
481 2097 681 2145 salutem
718 2099 886 2146 animae
916 2116 1055 2160 meae,
1090 2111 1143 2148 ut
1171 2100 1443 2148 recederem
1461 2100 1523 2149 ab
1549 2099 1708 2149 officio
1733 2111 1782 2149 et

346 2195 369 2219 «
401 2175 663 2223 ministerio
696 2176 979 2241 pontificali,
1016 2195 1113 2244 quo
1148 2196 1226 2226 me
1256 2196 1549 2244 recognosco
1577 2196 1679 2243 esse
1710 2180 1782 2228 in-

345 2273 369 2297 «
399 2253 616 2318 dignum,
638 2264 686 2301 et
708 2254 917 2302 alienum
935 2273 1013 2304 me
1032 2257 1238 2305 reddens
1254 2275 1343 2323 pro
1362 2257 1570 2306 reatibus
1586 2259 1705 2306 meis
1728 2259 1778 2307 in

344 2350 369 2374 «
397 2330 571 2395 quibus
598 2348 817 2397 peccasse
842 2344 1023 2382 secreto
1056 2336 1164 2400 ipsis
1187 2337 1197 2359 ⁴
1225 2336 1468 2384 confessus
1486 2354 1620 2398 sum,
1647 2347 1695 2385 et
1718 2336 1781 2385 de

343 2427 367 2451 α
397 2408 571 2473 quibus
602 2409 794 2475 publice
829 2412 1082 2475 arguebar,
1120 2431 1180 2462 eo
1210 2414 1387 2462 scilicet
1423 2414 1571 2463 modo
1605 2425 1660 2464 ut
1689 2415 1780 2482 ipsi

344 2505 366 2531 «
397 2487 492 2534 sint
532 2497 695 2548 testes,
732 2499 779 2536 et
817 2500 1102 2554 potestatem
1139 2492 1350 2540 habeant
1380 2492 1695 2542 substituendi
1732 2503 1781 2543 et

342 2584 365 2608 «
396 2566 710 2614 consecrandi
741 2567 887 2616 alium
919 2570 966 2617 in
999 2569 1108 2618 loco
1134 2588 1243 2619 meo
1261 2608 1273 2630 ‚
1301 2572 1384 2636 qui
1414 2567 1557 2638 digne
1579 2589 1788 2639 praeesse

385 2721 403 2742 *
429 2732 517 2768 repu
542 2723 630 2757 absc.

388 2776 404 2798 ι
426 2777 491 2824 ipsi
507 2778 581 2811 cod.
