1872 3372
304 262 385 303 2⁴6
788 259 1010 300 nlcnssm
1041 259 1142 301 LIB.
1179 260 1248 299 IV.

302 350 538 416 episcopis
562 349 712 398 multa
731 349 858 399 illata
876 350 1023 410 fuere,
1051 350 1226 415 quibus
1245 350 1500 399 conclusus
1521 351 1737 410 cessavit,

303 438 352 478 et
366 428 444 477 ille
461 438 514 477 ut
531 429 686 495 potuit
698 428 790 478 alia
807 428 1027 488 intendit,
1047 428 1136 476 alia
1151 428 1375 495 reppulit,
1393 430 1546 477 victus
1559 438 1740 490 tamen,

303 517 696 573 argumentorum
721 507 984 556 rationibus
1017 506 1297 567 succubuit,
1321 517 1368 555 et
1386 524 1490 555 sese
1521 522 1658 556 reum
1687 523 1745 557 ae

303 586 570 637 sacerdotio
590 586 841 651 indignum
859 602 1023 634 coram
1044 586 1286 634 confessus
1306 597 1390 635 est.

615 724 730 759 Lxx.
743 743 791 752 --
806 724 943 771 Regum
957 726 978 746 ¹*
997 723 1169 771 ingressus
1180 725 1200 747 '⁶
1219 725 1257 760 in
1276 725 1457 762 sinodum.

345 848 349 855 ¹
373 832 517 891 Quod
536 849 647 880 cum
666 832 854 897 regibus
872 842 1143 897 suggestum
1171 844 1258 894 est,
1288 834 1377 899 ipsi
1395 851 1507 882 cum
1536 835 1748 901 primati-

307 913 397 960 bus
413 927 547 959 sacro
567 912 904 977 episcoporum
922 913 1178 960 conventui
1202 929 1304 960 sese
1328 913 1557 973 inferunt,
1579 915 1749 980 gratias

308 991 543 1056 episcopis
559 989 813 1037 reddentes
827 1026 839 1048 ‚
858 1006 918 1037 eo
937 989 1070 1054 quod
1085 1007 1175 1062 pro
1194 1007 1244 1038 se
1259 1000 1307 1039 et
1321 990 1469 1039 salute
1477 992 1749 1058 principum

309 1068 392 1116 diu
417 1068 772 1116 deliberassent.
804 1071 977 1116 Petunt
994 1085 1187 1134 quoque
1206 1078 1449 1133 gestorum
1466 1069 1637 1118 seriem
1658 1069 1748 1118 sibi

311 1147 489 1207 evolvi,
512 1157 560 1195 et
576 1147 624 1194 in
645 1164 743 1212 quo
759 1146 1056 1194 constiterint
1072 1146 1313 1194 rationum
1328 1145 1440 1195 fine.
1459 1149 1591 1196 Tunc
1607 1147 1750 1196 etiam

313 1226 531 1274 omnium
567 1235 809 1291 gestorum
842 1225 984 1272 series
996 1260 1009 1284 ,
1046 1223 1236 1289 regibus
1271 1225 1484 1290 exposita
1516 1234 1602 1274 est.
1640 1227 1753 1275 Post
1792 1224 1798 1229 “

312 1304 529 1352 auditum
549 1303 832 1351 narrationis
850 1303 1088 1363 ordinem,
1105 1303 1206 1366 jam
1218 1312 1407 1368 tempus
1420 1302 1586 1353 adesse
1594 1302 1752 1368 ‘iuditii

313 1382 526 1430 habendi
550 1391 834 1430 asseverant.
856 1384 988 1429 Tunc
1012 1382 1223 1448 episcopi
1248 1381 1498 1430 Arnulfum
1515 1391 1570 1430 ut
1586 1399 1753 1448 regum

316 1457 514 1523 genibus
529 1456 838 1523 provolvatur
853 1465 1182 1516 commonent,
1197 1466 1382 1503 reatum
1399 1473 1596 1522 quoque
1612 1473 1755 1505 suum

316 1534 617 1594 confiteatur,
645 1545 788 1599 atque
814 1551 904 1600 pro
934 1535 1007 1582 sui
1042 1535 1164 1595 vita,
1198 1544 1246 1582 et
1275 1533 1606 1583 membrorum
1632 1535 1755 1583 inte-

317 1615 484 1679 gritate
516 1614 766 1679 supplicet.
804 1613 887 1660 llle
917 1630 1029 1660 mox
1062 1612 1371 1660 dominorum
1403 1611 1607 1679 pedibus
1639 1628 1755 1680 pro-

315 1702 487 1741 stratus
500 1729 512 1751 ,
532 1693 712 1740 crimen
731 1692 974 1739 confessus
990 1702 1082 1752 est3
1102 1701 1149 1739 et
1161 1690 1426 1739 sacerdotio
1439 1707 1489 1739 se
1503 1690 1755 1757 indignum

315 1788 554 1832 asserem,
583 1788 672 1837 pro
699 1772 794 1818 vita
818 1780 866 1818 et
891 1770 1119 1818 membris
1135 1770 1340 1818 suffusus
1362 1769 1567 1818 lacrimis
1588 1780 1756 1837 postu·

317 1850 459 1898 labat.
490 1850 629 1898 Unde
653 1861 700 1898 et
729 1851 1000 1898 universam
1019 1849 1243 1898 sinodum
1267 1849 1316 1895 in
1339 1847 1557 1896 lacrimas
1580 1847 1751 1913 coegit.

318 1931 466 1993 Reges
496 1929 645 1975 multa
670 1929 844 1993 pietate
876 1928 1006 1987 flexi,
1037 1928 1183 1974 vitam
1212 1937 1259 1975 et
1283 1926 1612 1975 membrorum
1638 1924 1759 1974 inte-

317 2008 533 2071 gritatem
564 2006 827 2070 indulgent.
858 2005 956 2052 Sub
984 2005 1200 2053 custodia
1225 2007 1323 2067 sui,
1352 2005 1532 2071 absque
1558 2005 1684 2054 ferro
1701 2014 1757 2070 ιεἰ

316 2085 517 2133 vinculis
534 2085 812 2133 habendum
831 2084 1109 2132 decernunt.

802 2234 935 2268 LXXI.
952 2255 1000 2261 —
1016 2235 1196 2269 Decretale
1216 2236 1272 2270 θ’,

382 2345 439 2388 Et
462 2358 490 2388 a
514 2350 639 2388 terra
664 2350 849 2387 erectus
863 2376 875 2399 ,
898 2340 1215 2404 interrogatur
1232 2357 1292 2386 an
1312 2339 1666 2387 abdicationem
1683 2339 1755 2386 sui

315 2435 559 2466 canonum
576 2417 855 2465 auctoritate
873 2416 1200 2481 sollempniter
1214 2416 1329 2465 velit
1343 2415 1589 2464 celebrari.
1612 2414 1759 2473 Quod

313 2513 424 2544 cum
443 2497 781 2562 episcoporum
797 2495 1090 2557 ordinationi·
1112 2506 1266 2543 totum
1290 2495 1625 2555 committeret,
1644 2509 1756 2543 mox

313 2575 561 2624 decretum
587 2584 680 2634 est,
709 2585 761 2622 ut
779 2576 890 2640 quia
915 2593 965 2624 se
988 2576 1241 2640 indignum
1260 2573 1529 2622 sacerdotio
1553 2570 1761 2620 confite-A

359 2731 378 2747 '⁸‘
404 2726 540 2771 Regum
559 2725 618 2771 ing
637 2724 776 2758 abscisa,

358 2782 397 2803 *³⁸
424 2782 547 2816 Deerat
565 2781 653 2815 absc.
