1872 3372
370 260 423 300 9⁴
851 259 1070 300 luent-:m
1104 261 1203 302 [ΑΒ.
1237 261 1318 304 111.Ι

372 365 433 397 ne
461 347 558 396 dux
578 348 870 414 praesentiret
886 383 899 407 ‚
926 357 973 396 et
1001 365 1061 395 ne
1087 349 1188 414 ipse
1215 364 1411 415 quoque
1430 345 1570 394 vellet
1596 348 1811 395 reconci-

370 427 487 476 liari.
509 425 699 475 Talibus
724 427 772 473 in
803 425 904 474 dies
928 426 1238 487 afficiebatur,
1260 437 1308 475 et
1338 425 1510 474 exinde
1529 424 1604 472 his
1621 423 1812 474 duobus

371 505 546 554 ducem
584 514 856 570 suspectum
899 503 1081 552 habuit.
1127 509 1164 553 Α
1199 502 1578 554 consultantibus
1617 501 1811 553 tandem

370 583 618 632 decretum
643 583 652 607 ⁸
687 591 757 630 est
793 583 1023 631 Ottonem
1059 582 1108 630 in
1137 584 1400 632 amiciciam
1430 582 1552 647 regis
1583 597 1812 630 revocan-

371 662 515 722 dum,
540 678 598 710 eo
617 660 752 727 quod
776 661 878 726 ipse
905 661 976 708 vir
999 662 1183 709 virtutis
1202 672 1348 722 esset,
1377 672 1424 709 et
1447 678 1534 727 per
1552 659 1687 708 illum
1710 676 1810 709 non

368 741 526 789 solum
554 739 651 787 dux
679 740 946 786 mansuesci
972 750 1157 805 posset,
1186 740 1271 788 sed
1300 750 1347 788 et
1376 738 1575 788 aliarum
1598 739 1811 804 gentium

370 818 543 866 tiranni
574 816 815 881 subjugari
842 816 1016 864 utiliter
1040 816 1266 865 valerent.
1305 818 1464 883 Legati
1491 817 1633 883 igitur
1662 833 1690 865 a
1724 819 1813 865 Lo-

369 897 523 944 thario
549 895 717 943 directi
731 931 743 955 ,
768 894 830 943 ab
850 897 1029 943 Ottone
1047 894 1373 944 liberalissime
1391 895 1624 962 suscepti,
1645 894 1708 944 de
1724 894 1812 943 ha-

367 974 526 1024 benda
545 975 792 1038 utriusque
811 973 1043 1032 amicicia,
1065 972 1188 1022 duce
1208 974 1475 1038 ignorante,
1497 972 1769 1023 elaborant:

633 1103 802 1139 LXXIX.
817 1123 866 1131 —
881 1103 1006 1139 Oratio
1018 1106 1037 1125 ¹¹
1055 1104 1240 1140 Gallorum
1258 1103 1303 1139 ad
1317 1105 1337 1126 ¹*
1355 1104 1536 1139 Ottonem.

433 1220 457 1245 «
482 1202 739 1258 Hactenus,
761 1218 785 1243 »
807 1199 1046 1263 inquiunt,
1083 1218 1105 1243 α
1132 1197 1406 1258 discordiae,
1427 1197 1639 1258 invidiae,
1669 1197 1815 1246 cedis

369 1298 394 1323 «
423 1288 660 1326 amatores
688 1278 979 1336 floruerunt,
1019 1292 1131 1324 cum
1169 1276 1291 1323 inter
1326 1274 1649 1324 nobilissimos
1676 1291 1811 1341 reges

368 1378 392 1402 «
422 1367 608 1405 tantum
639 1356 800 1403 locum
830 1355 1128 1414 habuerunt,
1169 1354 1344 1420 quibus
1382 1371 1473 1421 pro
1499 1354 1681 1403 deliciis
1709 1364 1811 1403 erat

368 1454 392 1481 α
421 1435 661 1483 discordia
676 1470 689 1494 ,
719 1435 833 1500 quia
861 1434 991 1500 apud
1015 1451 1148 1499 reges
1172 1433 1418 1482 discordes
1453 1450 1504 1482 se
1539 1433 1691 1482 multa
1725 1433 1810 1483 ad·

367 1532 392 1558 α
421 1513 611 1578 quirere
635 1529 776 1579 posse
801 1511 1166 1560 arbitrabantur.
1191 1513 1449 1560 Enimvero
1467 1511 1530 1560 de
1558 1512 1810 1561 communi

366 1609 391 1635 «
419 1590 526 1638 labe
544 1589 834 1655 cogitabant,
858 1600 910 1637 ut
935 1589 1128 1654 majoris
1166 1589 1326 1654 gloriae
1349 1600 1397 1638 et
1414 1590 1615 1638 honoris
1644 1589 1807 1639 locum

366 1686 390 1712 «
420 1667 551 1733 apud
594 1666 905 1715 conturbatos
935 1667 1248 1715 vindicarent.
1278 1667 1373 1715 Sed
1405 1666 1622 1733 proderit
1653 1665 1806 1733 pluri-

366 1769 389 1791 «
420 1763 555 1794 mum
572 1747 639 1794 rei
652 1746 871 1812 publicae,
894 1747 933 1794 si
946 1746 1211 1811 malignitas
1226 1762 1487 1812 pravorum
1498 1746 1602 1811 jam
1616 1745 1802 1795 dudum

360 1844 384 1871 «
413 1826 699 1892 reprimatur
712 1861 725 1884 ,
752 1834 799 1872 et
822 1825 971 1872 virtus
987 1824 1234 1873 bonorum
1249 1825 1356 1873 luce
1371 1825 1539 1890 purius
1554 1824 1797 1874 enitescat.

363 1924 387 1948 α
419 1903 596 1951 Redeat
620 1920 733 1968 ergo
756 1903 905 1950 virtus
930 1913 977 1950 et
1001 1903 1170 1951 floreat
1192 1903 1316 1951 inter
1338 1902 1701 1969 gloriosissimos
1728 1921 1803 1952 re-

361 2002 384 2027 «
414 1999 512 2046 ges,
543 1992 595 2029 ut
620 1991 667 2029 et
691 1991 846 2029 vestra
866 1982 1038 2028 virtute
1058 1991 1301 2029 tantorum
1323 1981 1559 2030 malorum
1582 1992 1801 2031 auctores

359 2081 382 2105 α
412 2060 588 2108 abinde
624 2061 989 2125 conquiescant,
1027 2070 1074 2107 et
1100 2077 1175 2108 res
1208 2060 1399 2125 publica
1434 2070 1590 2108 vestra
1625 2060 1799 2109 virtute

356 2160 379 2184 α
409 2140 568 2206 potius
593 2138 909 2203 gubernetur,
938 2155 1083 2202 quam
1116 2138 1405 2203 cupidorum
1424 2138 1602 2187 invidIa
1620 2138 1798 2188 dilaba-

354 2237 377 2263 «
407 2229 498 2265 tur.
545 2218 765 2265 Securius
789 2218 919 2264 enim
942 2215 1086 2263 ambo
1112 2216 1394 2281 regnabitis,
1421 2233 1534 2265 cum
1562 2217 1612 2264 in
1636 2217 1797 2266 amici·

352 2316 377 2342 α
405 2299 478 2344 cia
495 2296 740 2360 conjuncti
758 2295 882 2343 duos
900 2297 1133 2343 exercitus
1148 2313 1238 2362 pro
1258 2313 1356 2343 uno
1374 2295 1625 2344 habebitis.
1647 2296 1795 2356 Quod

352 2394 375 2420 «
405 2375 445 2422 si
468 2392 527 2422 ex
542 2374 680 2422 vobis
697 2374 815 2421 alter
834 2374 883 2421 in
910 2373 1099 2421 ultimas
1127 2390 1326 2422 suorum
1345 2391 1604 2439 regnorum
1629 2385 1793 2441 gentes

350 2474 374 2499 «
405 2454 473 2501 ire
497 2453 800 2519 disposuerit,
829 2452 1032 2500 alterum
1055 2453 1151 2500 acsi
1170 2453 1381 2513 fratrem,
1410 2453 1661 2519 fidumque
1682 2469 1793 2503 sun-

350 2551 375 2577 «
401 2550 510 2580 rum
528 2549 690 2581 rerum
716 2542 926 2579 tutorem
950 2531 1162 2579 habebit.
1194 2531 1382 2580 Placeat
1413 2549 1528 2598 ergo
1549 2532 1789 2581 sereninsi·

347 2631 371 2656 «
401 2612 491 2659 mis
524 2611 713 2675 regibus
748 2627 840 2676 pax
872 2621 919 2658 et
952 2612 1193 2672 amicicia,
1221 2628 1344 2676 quos
1368 2611 1616 2676 conjunxit
1639 2612 1785 2660 etiam

387 2742 406 2762 ¹
432 2753 475 2784 o,
494 2739 517 2774 d
535 2739 674 2773 abscisa.

388 2798 399 2817 ¹
427 2796 655 2832 deliberatum
675 2797 727 2830 vel
747 2795 923 2829 decretum
943 2796 1056 2829 codex.
