1872 3372
375 266 455 307 294
856 267 1077 308 RICHERI
1105 267 1206 309 LIB.
1238 269 1310 308 lV.

577 405 640 441 cl.
654 426 702 434 —
712 405 836 443 Oratio
850 406 1011 443 Gabeni
1027 410 1046 431 0
1064 420 1131 456 pro
1146 421 1181 443 ιο
1199 408 1236 444 in
1256 408 1408 443 concilio
1422 411 1440 431 ⁶
1458 409 1615 445 recitata.

442 522 554 568 Post
582 519 716 584 cujus
740 522 1088 582 recitationem,
1118 521 1375 571 Gerbertus
1408 522 1631 583 surrexit,
1661 532 1805 591 atque

380 599 644 646 orationem
669 614 759 663 pro
783 615 834 647 se
856 600 1078 666 scriptam
1108 600 1156 648 in
1186 600 1389 650 concilio
1422 617 1535 649 mox
1564 600 1799 663 recitavit,

378 677 583 740 satisque
624 676 753 743 apud
796 676 901 725 illos
943 677 1207 726 luculenter
1244 678 1499 744 peroravit.
1539 677 1632 727 Sed
1678 676 1804 727 banc

377 754 554 802 addere
579 753 659 801 hic
687 754 888 819 placuit,
919 755 1052 820 quod
1087 755 1228 821 plena
1258 755 1519 804 rationibus
1550 755 1805 822 plurimam

377 836 541 883 lectori
576 835 823 884 utilitatem
865 846 1123 902 comparat.
1159 837 1303 902 Cujus
1344 847 1496 886 textus
1529 837 1805 904 hujttsmodi

378 927 448 966 est
476 918 487 941 ⁴
521 935 529 963 :

907 1016 990 1051 cu.
1007 1036 1056 1044 -—
1073 1016 1281 1052 Exordium.

448 1150 472 1176 «
494 1132 692 1197 Semper
710 1130 905 1196 quidem
918 1165 931 1190 ‚
952 1132 1318 1180 reverentissimi
1334 1141 1514 1198 patres,
1531 1131 1658 1181 hane
1680 1131 1809 1182 diem

384 1228 407 1254 c<
437 1226 532 1274 prae
557 1209 707 1257 oculis
730 1208 906 1268 habui,
936 1226 1020 1276 spe
1048 1225 1105 1256 ac
1137 1220 1253 1257 voto
1287 1209 1349 1257 ad
1380 1226 1486 1258 eam
1517 1209 1725 1272 intendi,
1753 1228 1811 1269 ex

385 1306 408 1332 κ
436 1303 534 1352 quo
552 1303 581 1335 a
598 1286 817 1334 fratribus
841 1287 958 1334 meis
982 1286 1277 1343 admonitus,
1300 1303 1423 1335 onus
1445 1286 1540 1336 hoc
1561 1287 1811 1338 sacerdotii

386 1384 409 1410 ι(
439 1381 539 1412 non
558 1365 660 1412 sine
687 1365 899 1431 periculo
923 1365 1088 1431 capitis
1110 1365 1204 1412 mei
1228 1364 1366 1413 subii.
1394 1365 1531 1413 Tanti
1554 1374 1658 1413 erat
1683 1365 1813 1433 apud

386 1462 409 1487 «
439 1459 518 1490 me
541 1444 780 1508 pereuntis
814 1443 979 1509 populi
1013 1442 1160 1502 salus,
1194 1443 1312 1490 tanti
1342 1452 1496 1491 vestra
1530 1443 1808 1505 auctoritas,

386 1543 408 1569 α
438 1540 535 1589 qua
549 1541 627 1571 me
645 1534 801 1572 tutum
821 1524 921 1572 fore
941 1524 1280 1572 existimabam.
1303 1523 1604 1573 Recordabar
1624 1535 1814 1592 preter-

386 1622 410 1647 «
440 1603 617 1650 itorum
644 1602 1010 1660 beneficiorum,
1040 1602 1191 1651 dulcis
1223 1612 1365 1667 atque
1393 1602 1593 1651 affabilis
1617 1602 1814 1652 benivo-

387 1700 410 1725 «
439 1680 595 1728 lentiae
629 1691 815 1741 vestrae,
849 1697 944 1745 qua
979 1697 1304 1747 saepenumero
1342 1697 1454 1728 cum
1492 1681 1641 1730 mult·
1672 1681 1814 1731 laude

388 1783 412 1807 «
441 1764 752 1831 prestantium
777 1780 889 1810 usus
914 1763 1093 1811 fueram
1108 1799 1121 1823 ‚
1140 1779 1251 1810 cum
1269 1779 1380 1811 ecce
1404 1762 1585 1811 subitus
1604 1763 1623 1789 ¹
1650 1780 1817 1812 rumor

390 1859 411 1885 α
440 1858 527 1889 vos
559 1841 766 1888 offensos
793 1841 1025 1901 insinuat,
1052 1842 1263 1907 vitioque
1299 1841 1414 1890 dare
1445 1840 1655 1903 laborat,
1681 1842 1815 1908 quod

389 1939 413 1963 «
443 1935 613 1984 magna
631 1929 849 1984 paratum
866 1920 1037 1967 virtute
1055 1921 1176 1967 inter
1193 1919 1309 1967 alios
1327 1918 1588 1967 constabat.
1611 1921 1785 1968 Horrui
1798 1956 1812 1981 ,
1868 1929 1870 1933 ’

390 2020 413 2046 «
443 2000 620 2060 fateor;
657 2011 704 2049 et
733 2018 853 2067 quos
888 2012 996 2050 ante
1031 2001 1344 2050 formidabam
1378 2000 1585 2066 gladios,
1618 2018 1715 2068 prae
1746 2002 1818 2050 in·

390 2103 413 2127 «
442 2082 715 2148 dignatione
758 2093 912 2131 vestra
959 2083 1228 2149 posthabui.
1269 2087 1405 2131 Nunc
1450 2085 1564 2149 quia
1611 2085 1817 2151 propitia

390 2185 414 2211 κ
442 2166 674 2214 Divinitas
721 2183 883 2214 coram
928 2167 1154 2227 contulit,
1190 2166 1364 2232 quibus
1412 2166 1611 2215 salutem
1658 2182 1816 2215 meam

390 2262 414 2287 «
442 2259 631 2309 semper
660 2245 903 2305 commisi,
935 2261 1086 2310 pauca
1121 2262 1264 2311 super
1301 2245 1637 2293 innocentiam
1658 2261 1815 2295 meam

390 2338 415 2365 «
442 2320 642 2369 referam
657 2357 671 2381 ‚
700 2331 747 2369 et
778 2338 991 2386 quonam
1026 2323 1224 2371 consilio
1262 2322 1368 2370 urbi
1409 2325 1668 2371 Remorum
1695 2339 1814 2390 prae·

389 2418 412 2443 «
441 2398 562 2446 latus
585 2399 674 2447 sim
705 2399 977 2447 edisseram.
1012 2403 1112 2466 Ego
1145 2401 1322 2467 quippe
1358 2409 1468 2467 post
1498 2399 1686 2448 obitum
1717 2399 1817 2450 divi

433 2549 453 2571 ’
479 2548 641 2583 Ger-berti
654 2575 665 2591 ‚
683 2549 717 2583 io
734 2550 872 2585 abscisa.

433 2604 444 2624 ¹
471 2604 598 2638 Folium
625 2614 788 2646 assutum,
818 2608 870 2640 cui
893 2609 999 2640 omtio
1030 2609 1185 2655 inscripta
1212 2617 1304 2651 eme,
1330 2610 1455 2656 periit,·
1487 2616 1524 2641 at
1553 2609 1661 2642 imam
1679 2620 1750 2642 eam
1775 2620 1817 2641 es

384 2659 494 2695 codice
522 2661 730 2707 Lugdunensz·
766 2663 853 2695 inter
881 2662 978 2697 codd.
1018 2666 1195 2698 Vossianos
1225 2667 1270 2698 N.
1298 2666 1357 2699 5⁴.
1392 2664 1448 2698 ubi
1476 2663 1576 2699 multo
1602 2663 1815 2706 emendatior,

383 2730 479 2764 quam
494 2717 586 2765 apud
603 2720 843 2752 centuriatores
858 2720 1034 2765 legebatur,
1057 2729 1159 2754 estat.
1175 2721 1213 2756 P.

433 2775 448 2793 ²
473 2773 588 2808 subito
605 2775 799 2809 contrarius
815 2775 868 2808 ed.
