1872 3372
373 292 449 329 110
847 284 1066 326 mmmm
1100 283 1199 325 un.
1236 283 1312 324 lll.

367 379 415 426 in
441 377 564 426 dolis
586 375 937 443 componendis
963 374 1261 422 insidiatores
1298 371 1456 419 studio
1491 381 1537 418 et
1575 372 1653 421 hie
1683 374 1804 422 nite-

365 466 544 505 rentur.
566 454 777 503 Tandem
799 463 1043 501 tantorum
1067 450 1303 500 malorum
1320 467 1531 511 securus,
1560 449 1712 500 Gallia
1736 468 1807 500 re·

366 545 535 602 ceptus
559 545 628 582 eSl
636 571 645 580 .

986 607 1189 644 LXXXIX.

431 703 644 767 Cognitis
667 712 828 749 autem
855 711 1170 765 utrorumque
1192 699 1316 747 dolis
1340 699 1402 747 ab
1421 709 1649 766 utroque,
1677 709 1809 749 tanta

367 781 646 830 crudelitate
672 781 720 827 in
747 796 797 827 se
821 795 920 826 non
947 778 1092 826 armis
1119 778 1204 827 sed
1242 778 1425 826 insidiis
1450 778 1704 828 latentibus
1726 777 1811 830 de·

367 859 583 907 bacchati
609 868 745 918 sunt,
770 868 820 905 ut
841 857 1024 921 aliquot
1048 857 1185 905 annis
1203 873 1278 903 res
1300 856 1491 923 publica
1515 857 1811 925 principibus

368 937 706 987 dissidentibus
732 936 936 984 multum
962 934 1216 983 lederetur.
1239 938 1371 983 Tunc
1389 937 1533 984 etiam
1551 935 1810 985 multarum

370 1034 529 1065 rerum
549 1015 884 1081 usurpationes
898 1050 910 1073 ,
934 1014 1219 1061 miserorum
1243 1030 1439 1079 quoque
1454 1014 1808 1081 oppressiones,

368 1106 415 1143 et
437 1096 563 1142 circa
582 1094 741 1141 minus
763 1101 985 1158 potentes
998 1126 1011 1150 ‚
1043 1090 1333 1139 calamitates
1357 1091 1544 1141 nefariae
1566 1107 1597 1140 a
1617 1090 1812 1158 quibus-

368 1174 482 1221 dam
503 1173 663 1239 pravis
680 1171 896 1220 exercitae
921 1180 1049 1218 sunt.
1079 1173 1201 1218 Cum
1222 1170 1471 1236 utriusque
1500 1171 1812 1239 sapientiores

368 1252 417 1298 in
444 1267 597 1298 unum
622 1249 887 1297 consulturi
912 1248 1253 1295 convenientes
1269 1284 1282 1307 ‚
1310 1248 1552 1315 principes
1583 1242 1818 1298 dissidere

369 1329 575 1395 plurima
600 1327 1018 1375 commiseratione
1043 1326 1294 1390 conquesti
1318 1336 1445 1374 sunt.

681 1463 757 1498 XC.
772 1482 819 1489 —
839 1462 995 1496 Lotbarii
1015 1471 1048 1495 et
1069 1462 1228 1508 Hugonis
1248 1463 1499 1498 reconciliatio.

436 1564 809 1625 statueruntque
841 1569 894 1606 ut
918 1558 1110 1606 alterius
1135 1558 1342 1607 fautores
1378 1559 1440 1608 ad
1474 1560 1677 1621 alterum
1701 1577 1810 1610 sua-

371 1641 468 1688 suri
488 1640 549 1688 de
569 1637 954 1687 reconciliatione
977 1637 1254 1697 transirent,
1283 1648 1336 1685 ut
1360 1637 1585 1687 alteruter
1609 1637 1810 1688 benivo-

372 1720 517 1768 lentia
540 1718 809 1766 alterutrius
836 1726 1027 1783 captuS,
1057 1715 1238 1764 facilius
1261 1716 1350 1764 sibi
1382 1716 1806 1779 condescenderet,

372 1814 581 1864 eumque
596 1814 686 1863 pro
700 1797 796 1845 lesa
814 1796 1024 1843 amicicia
1046 1795 1206 1842 utilius
1223 1796 1474 1861 peniteret.
1497 1796 1643 1856 Quod
1660 1797 1670 1821 ⁸
1696 1813 1813 1867 con-

372 1878 577 1937 sultum,
606 1894 706 1924 non
734 1875 887 1923 multo
917 1884 1027 1941 post
1051 1875 1274 1923 effectum
1297 1875 1481 1924 habuit.
1511 1879 1633 1924 Nam
1661 1886 1710 1926 et
1742 1876 1811 1926 eis

373 1955 695 2005 efficacissime
710 1969 991 2019 persuasum
1015 1962 1107 2011 est,
1143 1969 1198 1999 ac
1222 1952 1429 2018 plurima
1446 1952 1703 2003 dilectione
1721 1953 1812 2003 sibi

373 2037 547 2085 annexi
562 2046 689 2084 sunt.
718 2035 794 2082 Sic
817 2035 961 2082 etiam
986 2035 1034 2081 in
1054 2034 1268 2099 utrisque
1285 2035 1356 2081 vis
1380 2034 1604 2084 amiciciae
1622 2034 1814 2085 firmata

375 2115 474 2162 visa
499 2124 584 2162 est.

590 2240 686 2275 xcl.
700 2260 747 2266 —
760 2241 940 2274 Promotio
959 2240 1131 2274 Ludovici
1147 2241 1184 2274 in
1204 2253 1351 2287 regnum
1369 2242 1600 2276 Francorum.

442 2337 630 2384 Etenim
654 2352 765 2383 cum
801 2352 882 2382 rex
918 2334 1070 2382 filium
1102 2352 1243 2382 suum
1268 2335 1566 2384 Ludovicum
1589 2338 1640 2386 in
1665 2354 1812 2404 regno

372 2414 463 2462 sibi
491 2414 745 2462 succedere
772 2413 935 2474 vellet,
964 2415 1122 2479 ipsum
1146 2430 1341 2479 quoque
1367 2431 1395 2462 a
1424 2415 1548 2464 duce
1578 2417 1815 2473 ordinans-

377 2494 495 2542 dum
519 2502 773 2558 quaereret,
812 2491 908 2539 dux
942 2491 1068 2539 hanc
1099 2491 1451 2540 ordinationem
1487 2511 1601 2543 mox
1631 2494 1814 2547 liberali

374 2573 538 2620 animo
563 2588 614 2619 se
631 2571 1074 2618 administraturum
1092 2567 1353 2637 respondit.
1383 2575 1442 2620 Et
1471 2573 1633 2639 legatis
1661 2573 1814 2624 direc-

375 2651 460 2710 tis,
488 2666 748 2714 regnorum
778 2650 1017 2715 principes
1043 2650 1329 2716 Compendii
1353 2651 1568 2717 collegit;
1595 2652 1758 2719 ibique
1785 2671 1814 2703 a

424 2804 436 2824 ¹
462 2804 510 2847 Q.
528 2810 666 2837 senatus
682 2802 782 2835 delet.
