1872 3372
363 276 417 315 80
842 268 1066 310 mmmm
1095 268 1192 310 Lus.
1224 267 1304 309 ΙΙΙ.

1852 154 1856 157 v
1832 0 1869 90 rma

363 377 525 411 rarum
560 361 757 408 scientia
789 359 945 407 clarus
961 395 974 419 ‚
996 357 1120 407 adeo
1147 368 1203 407 ut
1230 358 1282 408 in
1305 354 1600 424 disputando
1620 368 1683 404 ex
1706 363 1809 403 arte

364 450 412 489 et
454 448 777 507 proponeret,
825 447 873 485 et
917 435 1230 504 probabiliter
1275 434 1603 486 concluderet.
1655 435 1810 483 Penes

362 536 510 585 quem
530 534 730 583 regnum
755 516 1023 564 Germaniae
1047 532 1160 566 cum
1187 513 1451 565 Galliarum
1475 513 1635 581 aliqua
1653 522 1807 582 pan-tn,
1869 519 1872 538 ³

366 615 518 664 usque
545 597 606 645 ad
632 596 760 644 diem
786 596 894 643 vitae
923 595 1025 659 ejus
1050 610 1331 662 supremum
1349 630 1363 656 ‚
1386 594 1563 643 mansit
1581 629 1594 655 ,
1614 591 1702 643 sed
1729 589 1812 643 ali·
1871 625 1872 628 =

365 675 563 743 quando
600 674 751 723 dubio
785 683 926 722 statu.
966 676 1087 722 Nam
1117 674 1242 723 inter
1272 674 1429 741 ipsum
1459 682 1507 721 et
1532 670 1812 722 Lotharium

365 754 613 803 Gallorum
646 770 831 819 regem,
862 752 1156 818 quandoque
1177 753 1189 777 ¹
1228 762 1277 801 et
1306 751 1476 801 odium
1504 752 1744 811 immane,
1765 759 1816 799 et

366 850 542 899 anceps
570 833 770 880 victoria
806 831 907 879 fuit.
938 832 1128 879 Etenim
1159 848 1273 880 cum
1308 830 1370 879 ab
1406 833 1587 879 Ottone
1626 828 1814 894 Belgica

368 921 634 971 teneretur,
657 921 705 958 et
738 926 765 957 a
789 909 1014 957 Lotbario
1039 910 1371 976 impeteretur,
1399 918 1568 957 contra
1597 923 1650 956 ae
1673 906 1815 956 dolos

367 999 450 1037 aut
474 990 597 1036 vires
622 986 967 1046 moliebantur,
1005 1003 1065 1034 eo
1093 986 1227 1052 quod
1258 996 1461 1051 uterque
1487 994 1534 1034 et
1561 1001 1703 1033 suum
1731 1000 1816 1051 pa-

369 1078 490 1116 trem
521 1083 629 1115 eam
665 1066 873 1114 tenuisse
904 1066 1244 1125 contenderet,
1268 1075 1316 1113 et
1341 1065 1637 1113 exercituum
1654 1062 1815 1113 multi-

371 1145 539 1193 tudine
555 1155 757 1210 uterque
775 1161 884 1192 eam
902 1160 952 1192 se
969 1144 1280 1194 defensurum
1303 1160 1404 1191 non
1423 1141 1677 1192 diffideret.
1693 1144 1814 1191 Nam

369 1234 418 1272 et
454 1223 683 1272 Ludovici
719 1223 866 1289 patris
900 1222 1110 1271 Lotharii
1154 1222 1268 1283 fuit,
1300 1232 1346 1270 et
1379 1222 1482 1287 ejus
1517 1230 1628 1288 post
1657 1220 1811 1280 dono,'

369 1303 512 1367 hujus
542 1302 733 1350 Ottonis
757 1312 914 1368 pater,
957 1305 1073 1351 Otto
1105 1302 1328 1351 obtinuit.
1368 1304 1555 1349 Horum
1583 1316 1700 1366 ergo
1722 1299 1819 1349 dis-

369 1381 544 1430 cordiae
562 1380 857 1429 incentivum
875 1380 1166 1446 principium
1192 1380 1377 1445 Belgica
1394 1379 1498 1428 fuit.

631 1495 804 1529 LXVIII.
822 1514 870 1521 —
886 1493 1092 1541 Indignatio
1103 1495 1123 1516 ¹*
1150 1494 1310 1529 Lotharii
1326 1494 1362 1528 in
1379 1494 1561 1530 Ottonem.

438 1591 584 1656 Igitur
619 1591 669 1638 in
700 1589 908 1655 Aquensi
936 1588 1112 1655 palatio
1138 1591 1318 1637 Ottone
1347 1598 1682 1639 commorante
1706 1605 1819 1639 cum

372 1670 578 1734 conjuge
604 1668 867 1734 Teuphanu
902 1667 1123 1732 gravida,
1165 1667 1416 1715 Lotharius
1450 1667 1586 1716 illum
1621 1669 1821 1736 propius

372 1748 624 1796 accessisse
646 1747 876 1795 acerrime
905 1756 1065 1793 motus
1093 1746 1445 1812 indignabatur.
1471 1749 1597 1812 Ergo
1615 1750 1821 1796 Franco-

374 1844 483 1874 rum
529 1826 704 1874 ducem
744 1828 999 1890 Hugonem
1056 1825 1362 1890 reliquosque
1412 1825 1545 1890 regni
1592 1825 1821 1892 primates

374 1905 628 1953 consilium
652 1905 885 1970 petiturus
911 1903 1130 1951 Lauduni
1157 1904 1363 1969 collegit.
1395 1906 1505 1952 Dux
1527 1905 1687 1970 itaque
1712 1920 1822 1971 pro-

374 1985 527 2031 cessit.
551 1983 734 2048 Reliqui
753 1984 897 2031 etiam
918 1983 1092 2048 quibus
1110 2000 1305 2048 quoque
1324 1983 1681 2032 consulendum
1698 1993 1818 2044 erat,

375 2071 486 2110 ante
513 2078 674 2126 regem
707 2071 1059 2126 consequenter
1101 2061 1296 2109 admissi
1327 2071 1454 2109 sunt.
1495 2061 1683 2120 Quibus
1708 2062 1822 2109 resi-

376 2140 600 2189 dentibus
622 2157 703 2188 rex
726 2140 971 2206 duplicem
999 2141 1223 2205 injuriam
1249 2139 1339 2188 sibi
1365 2139 1543 2189 illatam
1566 2157 1670 2189 esse
1693 2157 1824 2190 oom-

377 2229 630 2279 memorat,
658 2236 771 2267 cum
790 2220 922 2284 regni
947 2220 1018 2267 sui
1042 2236 1153 2285 pars
1173 2219 1234 2267 ab
1254 2219 1392 2268 hoste
1417 2229 1644 2286 usurpata
1661 2219 1818 2280 fuerit,

377 2307 424 2345 et
443 2298 544 2364 ipse
568 2297 720 2344 hostis
749 2297 812 2345 ad
843 2296 962 2345 fines
987 2315 1100 2346 suos
1126 2298 1406 2346 temerarius
1424 2298 1701 2359 accesserim
1728 2315 1821 2348 nec

377 2376 547 2440 majori
581 2376 762 2440 injuriae
787 2392 890 2423 esse
921 2376 1056 2441 quod
1080 2378 1309 2438 tenuerit,
1341 2394 1489 2442 quam
1512 2377 1626 2443 quia
1654 2387 1823 2426 tenens

378 2454 440 2502 ad
466 2454 586 2502 fines
612 2471 726 2502 suos
752 2454 979 2502 accedere
1004 2471 1104 2502 non
1137 2454 1487 2516 formidaverit3
1525 2473 1575 2504 se
1602 2456 1747 2505 etiam
1770 2455 1822 2504 id

379 2533 528 2581 multa
566 2533 789 2582 aviditate
825 2533 985 2581 ulcisci
1021 2533 1169 2594 velle,
1210 2534 1249 2581 si
1293 2535 1495 2583 consilio
1543 2551 1633 2584 suo
1674 2533 1825 2584 velint

378 2612 576 2672 cedere3
604 2629 694 2660 nec
723 2629 865 2678 posse
893 2630 943 2661 se
972 2612 1033 2660 ab
1059 2613 1154 2661 hoc
1178 2613 1342 2661 animo
1372 2613 1653 2682 temperari,
1687 2613 1728 2662 si
1760 2613 1823 2662 ad

426 2738 447 2759 ¹⁸
471 2737 507 2771 io
534 2736 622 2770 abac.

428 2794 438 2813 ⁸
467 2793 672 2839 plerumque
689 2806 771 2827 corr.
792 2793 1016 2840 quandoque.
