1872 3372
407 272 483 311 162
878 266 1096 309 mentm!
1131 266 1229 310 Lm.
1266 266 1335 306 lv.

400 359 708 425 querimoniis
727 356 972 406 excitabat.
994 357 1087 415 Qui
1106 356 1308 404 lacrimis
1326 355 1558 403 suffusus:
1583 374 1607 402 a
1627 356 1778 407 Video
1799 375 1823 403 n

402 438 603 504 inquit«
635 446 818 485 aetatem
862 452 1017 484 meam
1059 434 1343 501 procedere,
1387 445 1434 482 et
1470 451 1547 483 me
1583 434 1742 502 ipsum
1775 436 1826 485 in

403 537 426 562 α
456 516 578 574 dies,
608 515 878 581 patrimonii
910 513 1050 561 rebus
1074 513 1196 560 exui.
1222 513 1359 560 Unde
1388 530 1476 560 nec
1500 513 1602 562 sine
1623 513 1829 562 lacrimis

402 613 425 638 «
455 593 678 659 parvulos
706 609 839 640 meos
863 591 1071 657 aspicere
1094 590 1255 651 vale0,
1282 590 1477 639 infelicis
1509 592 1720 657 germina
1748 608 1831 659 pa·

401 691 423 715 «
455 672 551 718 tris.
582 670 766 729 Quibus
792 670 950 736 potius
967 678 1134 717 auctor
1155 685 1262 716 sum
1287 669 1429 718 futuri
1452 670 1656 731 doloris,
1682 687 1827 738 quam

400 770 421 793 υ
454 749 665 796 honoris.
695 749 814 797 Satis
838 748 996 796 infelix
1021 757 1155 813 pater
1178 747 1269 807 fui,
1296 749 1379 813 qui
1410 750 1530 797 natis
1557 749 1722 799 adesse
1753 749 1829 797 vix

399 847 420 870 «
452 826 709 891 aliquando
729 827 878 892 potui.
910 825 1003 873 Sed
1029 825 1194 874 saltem
1219 843 1305 874 vos
1328 827 1466 875 amici
1490 827 1722 876 consulite
1746 827 1832 875 do-

399 926 421 947 «
454 905 567 952 lenti
613 906 758 971 patri,
804 904 1051 951 subvenite
1091 904 1316 952 destituto
1359 906 1559 971 parenti.
1608 906 1829 956 Adestote

398 1004 419 1026 «
453 984 573 1030 natis
616 983 663 1030 in
703 993 836 1030 aetate
875 983 1127 1030 tenerrima
1168 999 1391 1030 erumnas
1421 983 1522 1047 jam
1554 983 1824 1033 scientibus.

397 1082 419 1104 «
453 1061 702 1109 Providete
726 1061 917 1125 abjectis
941 1062 990 1108 in
1010 1078 1162 1121 casuS,
1191 1078 1253 1110 an
1280 1060 1621 1110 inrevocabiles
1647 1064 1826 1123 nescio,

396 1160 418 1185 «
449 1140 656 1187 exituris.
697 1138 902 1188 Suadeat
926 1139 1062 1186 vobis
1093 1139 1258 1187 saltem
1289 1139 1529 1204 sanguinis
1561 1141 1832 1190 communis

396 1237 419 1261 «
448 1216 649 1265 affinitas
670 1217 706 1264 ‘.
736 1217 940 1265 Suadeat
958 1228 1004 1265 et
1023 1217 1243 1265 nobilitas
1262 1234 1359 1265 non
1380 1217 1686 1283 neglegenda,
1715 1221 1830 1270 Sua*

395 1316 418 1341 «
449 1296 559 1343 deat
582 1306 628 1343 et
663 1297 1066 1361 recompensatio,
1095 1314 1199 1361 quae
1222 1297 1282 1344 sit
1318 1313 1417 1344 non
1451 1298 1552 1346 sine
1582 1297 1829 1366 multiplici

396 1395 417 1418 «
450 1374 601 1422 fructu
626 1373 849 1421 reditura.
886 1394 908 1416 »

1063 1500 1145 1534 XV.

456 1593 566 1639 Mox
585 1608 754 1639 omnes
782 1591 1013 1638 commoti
1034 1591 1073 1651 ²,
1104 1591 1330 1639 auxilium
1347 1591 1613 1658 spondent,
1647 1604 1695 1642 et
1725 1611 1829 1644 sese

393 1668 454 1717 ad
472 1668 795 1717 auxiliandum
813 1669 1163 1734 promptissime
1181 1680 1364 1736 parant.
1389 1673 1608 1729 Quorum
1630 1672 1830 1722 consilio

392 1763 505 1795 usus
519 1784 532 1807 ‚
555 1747 877 1813 exploratores
905 1746 1105 1795 karolus
1128 1749 1314 1796 mittere
1332 1750 1482 1815 cepit,
1504 1750 1587 1815 qui
1603 1752 1831 1816 sagaciter

392 1825 744 1892 perpenderent
785 1826 824 1873 si
862 1842 956 1891 qua
995 1826 1291 1892 oportunitas
1330 1837 1541 1892 pateret,
1582 1845 1679 1894 qua
1706 1831 1828 1878 Lau-

394 1903 580 1951 dunum
599 1903 998 1968 ingredivaleret.
1031 1904 1208 1952 Directi
1235 1905 1636 1970 investigaverunt
1657 1906 1829 1974 depre-

392 1982 759 2047 henderuntque
786 1983 970 2030 nullum
996 1982 1177 2030 aditum
1194 1994 1372 2049 patere.
1395 1987 1517 2033 Cum
1546 1985 1830 2051 quibusdam

394 2072 553 2109 tamen
580 2061 762 2109 civibus
785 2071 1019 2109 secretum
1049 2062 1319 2122 contulere,
1349 2064 1432 2128 qui
1452 2063 1468 2087 ⁸
1500 2063 1721 2112 effectum
1748 2081 1832 2114 ne·-

396 2139 524 2202 gotio
543 2150 813 2203 quererent.
836 2142 944 2198 Quo
966 2149 1179 2205 tempore
1193 2139 1445 2202 Adalbem,
1467 2141 1682 2207 ejusdem
1700 2142 1830 2191 urbis

397 2217 673 2282 episcopus,
715 2217 809 2264 suis
855 2217 1036 2264 civibus
1079 2217 1186 2283 plus
1224 2219 1352 2282 justo
1387 2220 1582 2285 injurias
1623 2220 1686 2270 de
1725 2221 1831 2288 lege

396 2294 577 2358 agraria
602 2293 853 2359 irrogabat.
883 2294 1020 2342 Unde
1047 2295 1243 2359 quidam
1260 2296 1321 2344 ab
1353 2314 1411 2345 eo
1443 2297 1645 2347 latenter
1669 2300 1830 2348 animo

398 2370 716 2431 discedentes,
767 2371 1231 2438 benivolentiamque
1274 2375 1549 2425 simulantes
1563 2413 1576 2437 ‚
1620 2377 1833 2444 explora-

401 2448 581 2496 toribus
598 2449 825 2497 Karolum
843 2467 944 2498 sese
962 2450 1010 2497 in
1038 2450 1207 2499 urbem
1231 2464 1506 2519 recepturos
1528 2455 1826 2520 promittunt.

451 2590 461 2611 ¹
489 2602 523 2626 a.
540 2589 693 2636 aliquam
710 2590 982 2626 misericordiam
998 2591 1180 2627 ostendere
1197 2591 1317 2629 deleta.

448 2645 463 2665 ²
488 2645 567 2689 Qua
583 2658 619 2680 o.
640 2658 672 2680 c.
693 2647 940 2692 conquestione
955 2646 1074 2680 deleta.

449 2702 464 2721 ²
489 2714 523 2747 q.
547 2710 579 2736 et
595 2703 706 2737 celare
724 2712 862 2750 possent
877 2713 910 2739 et
926 2702 1044 2737 deleta.
