1872 3372
337 250 413 290 1‘2‘2
807 245 1029 287 menam
1064 245 1162 286 [AB.
1199 245 1275 286 ΙΙΙ.

332 336 668 397 vertebantur3
690 337 932 403 armisque
951 335 1132 384 efferati
1148 372 1161 397 ,
1186 335 1424 403 quosdam
1442 334 1776 397 vulnerabant,
1864 285 1872 343 l

333 414 572 483 quosdam
598 431 713 464 vero
740 424 896 463 morte
915 413 1200 463 afficiebant.
1222 417 1427 462 Tantum
1451 414 1502 461 in
1518 413 1587 462 eis
1608 422 1684 465 ter
1698 407 1781 464 dc-
1867 402 1872 418 ⁸

334 494 553 544 bacchati
566 531 579 554 ,
599 503 651 542 ut
667 509 901 543 caesorum
918 492 1231 542 cadaveribus
1251 502 1468 559 aggerata
1493 490 1783 555 moles,‘col'-
1868 487 1872 490 ⁴

333 572 459 623 libus
482 572 836 622 assimilaretur.
869 571 955 620 Alii
980 588 1096 620 vero
1122 570 1469 620 descendentes
1488 579 1571 619 aut
1587 566 1783 620 vibratis

334 651 502 720 gladiis
545 651 789 702 frondium
827 651 1159 719 oppositarum
1192 650 1478 700 densitatem
1512 647 1781 714 metebant,

335 742 418 782 aut
458 730 679 780 trudibus
726 730 907 779 adactis
947 729 1283 796 transpositam
1331 728 1562 778 arborum
1603 727 1785 781 molem

335 809 647 870 amovebant,
682 808 868 874 sibique
897 809 907 832 ⁸
946 808 1035 856 iter
1060 807 1354 874 aperiebant.
1382 806 1598 857 Tandem
1629 806 1784 856 multo

338 898 534 947 conatu,
556 886 619 935 de
637 886 800 935 medio
817 885 1030 934 bostium
1048 884 1209 934 educti
1233 894 1360 933 sunt.
1408 893 1417 902 '

971 1228 1105 1264 XCIX.

403 1324 503 1371 Hac
527 1331 809 1389 tempestate
832 1321 1090 1370 Germania
1109 1321 1127 1346 ²
1158 1320 1292 1369 nullo
1322 1322 1446 1387 regis
1479 1321 1684 1388 imperio
1723 1330 1789 1371 te—

338 1399 565 1461 nebatur,
599 1401 782 1467 quippe
806 1416 919 1447 cum
949 1409 998 1448 et
1022 1402 1253 1448 Ottonem
1288 1400 1519 1448 infantem
1543 1400 1693 1450 artatis
1715 1399 1788 1450 in-

338 1478 537 1528 firmitas
579 1497 777 1546 regnare
829 1478 1129 1545 prohiberet,
1183 1489 1231 1527 et
1270 1477 1510 1540 Heziloni‚
1551 1478 1789 1546 regnandi

338 1558 518 1628 cupido
537 1597 549 1620 ‚
592 1576 621 1608 a
652 1558 924 1626 potioribus
957 1575 1158 1624 regnum
1187 1557 1611 1607 contradiceretur.
1647 1557 1788 1610 Unde

339 1637 592 1686 Lotharius
617 1639 922 1686 occasionem
953 1649 1121 1686 nactus
1139 1674 1151 1698 ‚
1192 1637 1253 1686 de
1281 1638 1478 1704 Belgicae
1504 1638 1790 1705 pervasione

341 1716 515 1763 iterum
555 1716 794 1781 cogitabat
811 1752 823 1776 ,
869 1726 922 1764 ut
952 1716 1173 1764 videlicet
1205 1716 1268 1764 ad
1311 1733 1407 1764 suae
1445 1715 1791 1765 dominationis

335 1794 415 1859 jus
442 1811 550 1842 eam
581 1804 897 1860 retorqueret,
927 1812 1039 1842 cum
1064 1797 1180 1843 Otto
1203 1795 1220 1819 ⁸
1251 1812 1351 1842 non
1371 1804 1494 1843 esset
1508 1831 1522 1856 ,
1549 1795 1792 1862 principes

339 1872 642 1933 dissiderent,
662 1875 892 1939 regnique
909 1873 1114 1938 dignitas
1138 1873 1275 1921 nullo
1295 1874 1418 1939 regis
1437 1872 1792 1922 administrare-

341 1961 421 1999 tur
437 1952 658 2017 imperio.

1046 2030 1085 2069 c.

407 2132 573 2195 Itaque
597 2129 824 2178 Odonem
861 2139 1005 2195 atque
1043 2129 1332 2178 Herbertum
1358 2130 1488 2178 viros
1513 2129 1720 2179 illustres
1744 2139 1796 2179 et

344 2209 561 2275 potentia
579 2208 734 2256 claros
748 2208 1017 2269 advocans,
1046 2209 1114 2256 eis
1142 2210 1216 2256 sui
1239 2209 1340 2256 voti
1363 2218 1599 2256 secretum
1619 2207 1788 2274 aperit.

345 2290 405 2335 Et
436 2288 550 2353 quia
582 2287 729 2354 paulo
760 2298 872 2336 ante
906 2304 1075 2335 eorum
1100 2289 1288 2354 patrui,
1317 2287 1500 2352 absque
1532 2285 1796 2335 liberisde·

344 2366 516 2427 functi,
561 2375 687 2414 terra
717 2367 900 2432 optima
938 2383 1050 2413 cum
1093 2365 1286 2432 oppidis
1328 2364 1659 2424 munitissimis
1682 2361 1792 2413 illos

343 2443 600 2493 liberaliter
632 2443 898 2492 donaverat
911 2481 924 2505 ,
956 2444 1048 2511 ipsi
1080 2461 1193 2492 mox
1222 2443 1357 2491 domi
1389 2443 1670 2509 militiaeque·
1690 2457 1796 2492 sese

344 2527 669 2594 paratissimos
717 2526 1097 2592 responderunt..
1144 2526 1332 2586 Quibus
1374 2526 1643 2578 faventibus
1681 2541 1796 2574 cum

394 2665 405 2686 ⁸
431 2672 467 2700 et
487 2663 642 2699 venienti
661 2664 832 2699 exercitui
848 2676 934 2698 corr.
952 2664 1100 2710 sibique.

394 2723 410 2743 ⁵
435 2721 573 2768 Belgica
591 2729 697 2767 atque
713 2721 759 2755 G.
779 2720 899 2756 deleta.

396 2779 410 2799 ²
434 2791 470 2813 o.
490 2778 599 2813 hostis
619 2778 742 2812 deleta.
