1872 3372
335 273 407 310 108
826 271 1046 312 Rlcnssm
1078 273 1176 315 LlB.
1211 273 1289 313 ΙΙΙ.

472 407 715 444 Lxxxvul.
733 429 781 437 -
799 409 902 457 lingo
922 410 1126 446 inmutato’
1146 410 1268 446 habitu
1282 411 1301 432 ⁹
1319 408 1462 445 insidias
1479 405 1609 444 evadit.

398 519 505 564 Dux
520 516 695 565 borum
712 533 812 565 non
830 518 1033 578 nescius,
1055 517 1261 566 reditum
1278 518 1526 576 accelerat,
1558 514 1778 582 dolisque

333 605 673 661 praemetuenS,
702 604 882 644 vestem
902 606 1076 656 mutat,
1106 613 1304 662 seseque
1331 612 1481 644 unum
1507 594 1569 643 de
1592 593 1779 643 clienti-

334 671 426 719 bus
470 671 676 719 simulat.
716 675 879 738 Equos
918 690 1066 722 onera
1102 673 1305 722 serentes
1348 674 1448 740 ipse
1488 672 1605 739 regit
1637 680 1781 738 atque

337 750 557 814 exagitat.
586 752 746 798 Onera
771 751 978 817 imponit
1001 762 1047 799 et
1067 751 1290 818 deponit,
1318 750 1546 800 omnibus
1569 767 1620 799 se
1638 749 1783 799 servi-

337 838 499 875 turum
545 829 899 877 accommodat.
941 833 1186 896 Tantaque
1230 830 1462 879 industria
1502 831 1552 878 in
1599 828 1782 894 abJecta

338 916 467 954 veste
487 916 533 954 et
559 906 738 955 inculto
758 907 923 955 habitu
944 925 995 955 se
1013 907 1189 957 ducem
1207 907 1539 968 dissimulavit,
1559 916 1612 955 ut
1630 917 1679 955 et
1695 922 1783 972 per

339 984 617 1033 insidiarum
652 986 757 1033 loca
790 987 1012 1035 transiret
1043 1004 1149 1052 quae
1178 1005 1270 1035 nec
1303 988 1452 1035 vitare
1482 995 1697 1053 poterat,
1737 994 1786 1034 et

340 1063 615 1112 insidiantes
656 1064 909 1112 efficaciter
943 1064 1138 1114 falleret.
1177 1069 1285 1113 Uno
1314 1075 1501 1113 tantum
1530 1065 1541 1089 ‘
1575 1063 1785 1131 hospitio

339 1157 463 1205 pene
495 1140 822 1207 deprehensus
852 1142 954 1190 fuit.
979 1146 1098 1191 Nam
1123 1143 1240 1190 dum
1266 1142 1482 1191 eundum
1508 1152 1631 1191 esset
1654 1141 1787 1190 cubi-

342 1229 463 1279 tum,
487 1220 530 1267 ei
556 1219 706 1267 lectus
725 1237 837 1268 cum
862 1220 1077 1286 diligenti
1106 1232 1338 1287 apparatu
1363 1221 1660 1287 compositus
1682 1230 1783 1281 θεῖς
1810 1232 1815 1238 ’

340 1299 480 1363 eique
509 1299 782 1347 circumfusi
806 1317 857 1347 se
875 1316 1045 1348 omnes
1072 1300 1134 1348 ad
1159 1299 1465 1349 serviendum
1489 1298 1784 1348 obtulerunt.

343 1376 429 1423 Alii
453 1377 582 1424 enim
595 1394 719 1442 genu
738 1378 861 1425 flexo
876 1378 893 1402 ²
915 1378 1090 1442 caligas
1106 1378 1437 1438 extrahebant,
1459 1387 1789 1443 extractasque

341 1453 419 1500 alii
445 1453 769 1519 excipiebant3
791 1454 869 1502 alii
894 1472 1010 1503 vero
1028 1455 1235 1503 nudatos
1252 1454 1399 1521 pedes
1423 1454 1658 1516 sedentis,
1678 1453 1789 1503 sub-

342 1530 547 1579 sidendo
580 1531 909 1580 confricabant
925 1569 937 1589 ,
978 1543 1026 1580 et
1061 1534 1172 1597 giris
1207 1535 1412 1580 vestium
1440 1531 1785 1581 emundabant.

344 1613 453 1657 Haec
483 1609 659 1675 hospes
690 1627 777 1675 per
807 1612 916 1659 ostii
942 1612 1085 1659 rimas
1116 1611 1470 1677 contemplatus
1495 1621 1582 1659 est.
1611 1614 1790 1678 Depre·

343 1686 616 1751 hensusque
641 1688 939 1754 explorasse,
968 1706 1080 1736 mox
1108 1706 1170 1737 ne
1192 1706 1292 1737 rem
1323 1689 1565 1754 detegeret
1592 1698 1791 1737 vocatus

346 1775 415 1812 est
432 1776 479 1812 et
499 1766 813 1813 intromissus.
845 1768 1121 1833 strictisque
1146 1767 1459 1815 mucronibus
1475 1777 1733 1834 postquam
1747 1768 1792 1817 ei

346 1861 515 1892 necem
535 1845 700 1892 minati
717 1856 829 1892 sunt
847 1846 885 1893 si
904 1863 1074 1894 vocem
1099 1847 1360 1907 emitteret,
1388 1845 1792 1913 comprehensum

347 1922 500 1987 ligatis
531 1923 752 1971 manibus
783 1934 830 1971 et
851 1925 1053 1990 pedibus
1076 1926 1123 1972 in
1150 1925 1441 1991 ergastulum
1466 1924 1787 1973 detruserunt.

348 2003 443 2060 Qui
462 2018 581 2050 voce
599 2020 851 2069 suppressa
867 2041 879 2063 ,
910 2004 973 2051 ibi
995 2021 1145 2070 usque
1160 2004 1496 2071 crepusculum
1509 2020 1751 2052 convexus
1771 2003 1789 2028 ⁸

345 2080 509 2144 jacuit.
536 2085 647 2129 Post
668 2093 809 2130 nocte
827 2083 1147 2132 abscendente
1160 2121 1173 2144 ,
1193 2085 1241 2132 in
1267 2085 1371 2150 ipso
1390 2082 1673 2150 crepusculo
1689 2099 1793 2131 sur·

351 2171 592 2207 rexerunt.
617 2163 862 2227 Hospitem
884 2174 1182 2230 assumptum
1201 2174 1248 2211 et
1265 2180 1391 2229 equo
1412 2164 1673 2224 invectum,
1692 2172 1795 2211 tan-

352 2238 436 2285 diu
453 2249 817 2304 asportaverunt
829 2277 842 2301 ‚
865 2241 1021 2289 donec
1040 2242 1146 2289 loca
1163 2252 1383 2308 suspecta
1398 2241 1790 2290 transmitterent.

351 2316 537 2374 Quibus
557 2319 864 2379 transmissis,
896 2319 1170 2386 depositum
1200 2319 1513 2379 dimiserunt,
1536 2318 1797 2384 reliquum-

352 2413 447 2460 que
477 2397 657 2444 itineris
689 2398 865 2446 celeres
901 2399 1227 2447 confecerunt.
1268 2403 1364 2447 Nec
1398 2399 1557 2447 minus
1585 2396 1797 2447 Conradi

352 2475 473 2540 regis
488 2475 628 2523 dolos
646 2494 757 2543 sepe
777 2478 1048 2526 simulando
1067 2489 1115 2527 et
1130 2478 1482 2527 dissimulando
1498 2477 1663 2538 evasit,
1683 2490 1796 2524 eum

398 2621 420 2643 ⁴
445 2634 525 2665 mu,
544 2635 567 2657 u
579 2622 718 2658 abscisa.

405 2678 415 2698 ¹
441 2679 487 2712 sic
507 2678 623 2713 codes.

400 2734 415 2754 ⁸
441 2732 533 2768 flexu
550 2748 634 2769 corr.
658 2735 762 2770 flexn-

403 2790 418 2810 ³
443 2803 650 2837 conquexus
667 2792 782 2826 codar.
