1872 3372
330 252 412 290 200
807 248 1029 290 mcussm
1054 248 1154 289 Lm.
1184 249 1258 288 tv.

333 355 358 382 «
385 340 580 385 lncauto
607 337 749 386 nimis
789 335 1184 403 metropolitam,
1227 335 1548 403 praejuditium
1586 336 1761 387 factum

335 436 359 461 η
386 431 614 476 asseram3
649 426 695 464 et
720 415 853 481 quod
885 416 1074 481 penitus
1106 413 1199 462 boc
1229 415 1650 481 metropolitanum
1676 431 1763 480 pe-

334 515 357 539 «
387 495 553 554 niteat,
585 492 826 540 nonnullis
857 492 1302 558 amplificationibus
1332 493 1629 542 asseverabo.
1668 495 1765 542 Rex

336 592 360 617 «
388 583 553 639 suapte
581 572 697 618 mihi
723 571 945 619 credulus
962 606 974 630 ,
1003 570 1098 618 hoc
1126 572 1441 635 gratissimum
1463 573 1677 639 accipiet.
1708 574 1766 620 Et

336 672 359 697 «
389 652 500 716 quia
531 651 629 698 haec
668 650 789 697 ratio
825 649 1064 714 utrimque
1090 649 1356 714 agitabitur,
1383 650 1482 698 duo
1509 650 1767 699 commoda

337 750 360 774 «
389 731 656 794 gignentur.
674 730 742 774 Ex
765 726 938 792 quibus
965 725 1155 774 duobus
1179 728 1369 775 tertium
1390 727 1622 776 elucebit:
1647 730 1767 775 Nam

337 828 361 853 «
390 824 501 854 cum
533 816 578 853 et
605 805 741 853 vobis
767 805 915 870 gratia
939 821 1127 870 regum,
1149 815 1196 853 et
1213 806 1327 853 mihi
1345 806 1504 854 Karoli
1520 806 1764 863 reddetur,

337 906 360 930 «
390 902 476 951 per
500 900 590 931 nos
609 893 956 948 consequenter
977 882 1180 930 aliorum
1195 883 1369 930 utilitas
1393 883 1763 950 comparabitur.

341 983 364 1008 «
392 963 486 1010 Sed
508 962 586 1009 hic
605 963 705 1026 jam
722 960 982 1009 verborum
1014 960 1145 1022 finis3
1179 962 1281 1026 jam
1313 977 1443 1009 nunc
1478 961 1604 1010 dicta
1639 962 1772 1010 factis

340 1064 362 1086 «
392 1041 674 1108 probentur.
702 1060 726 1086 υ
772 1041 999 1106 Datisque
1046 1040 1245 1089 strictim
1285 1039 1460 1088 osculis
1477 1075 1492 1101 ,
1541 1042 1773 1109 promissa

339 1120 539 1186 polliciti
562 1118 623 1169 ab
641 1136 693 1168 se
716 1119 914 1185 digressi
931 1128 1043 1167 sunt
1063 1118 1100 1166 ⁴.

383 1257 523 1295 XLIII.
536 1278 585 1285 -
595 1258 762 1293 Arnulfun
773 1258 793 1281 ⁸*
811 1270 876 1306 per
892 1256 1127 1304 ignorantiam
1137 1255 1159 1280 ⁸
1179 1256 1353 1292 Kamlum
1367 1264 1533 1304 pau-unm
1545 1256 1566 1279 ⁴¹
1581 1254 1730 1293 seducit.
1793 1254 1798 1259 ’

407 1367 630 1416 Arnulfus
652 1367 882 1431 Karolum
909 1377 1077 1434 petens
1084 1402 1100 1426 ‚
1132 1365 1482 1415 Adalberonem
1508 1365 1778 1432 magnificat

340 1443 648 1508 deceptorem
672 1442 912 1502 nesciens,
936 1441 1076 1489 valde
1095 1442 1239 1490 etiam
1259 1441 1564 1507 profuturum
1591 1442 1772 1502 asserit,

340 1520 584 1586 fidemque
607 1531 904 1568 servaturum
930 1529 1142 1568 testatur.
1162 1519 1374 1567 Tandem
1391 1520 1441 1567 in
1467 1535 1527 1568 eo
1547 1519 1617 1568 nil
1639 1519 1778 1568 dubi-

342 1598 544 1648 tandum
582 1598 807 1646 seductus
842 1598 1113 1664 persuadet.
1152 1597 1354 1646 Karolus
1385 1598 1551 1664 nepoti
1579 1597 1744 1647 favens
1759 1635 1773 1660 ,

343 1695 446 1731 sese
469 1677 520 1725 id
543 1678 778 1725 facturum
797 1676 1028 1743 spondet,
1047 1677 1376 1743 episcopatum
1395 1677 1463 1724 sic
1478 1674 1781 1726 redditurum

344 1774 444 1806 non
471 1755 653 1804 abnuit.
684 1759 814 1803 Dum
839 1755 940 1804 haec
963 1755 1094 1822 apud
1118 1755 1348 1804 Karolum
1367 1755 1571 1804 fideliter
1593 1755 1785 1805 ordina-

344 1835 538 1896 bantur,
580 1834 816 1884 Adalbero
855 1834 983 1900 apud
1016 1851 1178 1900 regem
1208 1833 1269 1882 de
1304 1834 1482 1882 Karolo
1511 1844 1560 1883 et
1591 1834 1789 1882 Amulfo

345 1913 574 1980 urbisque
589 1914 810 1980 captione
832 1912 1088 1978 quaerebat.
1111 1915 1171 1960 Et
1196 1929 1308 1960 cum
1329 1922 1491 1960 tecnas
1520 1913 1791 1979 superiores

346 1992 652 2042 effimderet²
660 1991 951 2057 ,gratulatio
982 1991 1094 2039 inde
1124 2007 1326 2057 spesque
1355 1990 1487 2039 urbis
1516 1989 1786 2058 repetendae

346 2089 446 2120 non
475 2070 667 2120 modica
689 2080 806 2119 erat.
832 2072 928 2118 Nec
945 2068 1098 2117 multo
1116 2079 1226 2135 post
1249 2068 1469 2116 Arnulfus
1498 2067 1783 2117 Adalberoni

346 2155 526 2220 legatos
551 2154 731 2219 dirigit,
762 2152 922 2201 Karoli
948 2152 1146 2218 gratiam
1168 2150 1258 2199 sibi
1276 2150 1508 2199 indultam
1527 2136 1784 2200 liberaliter

348 2236 551 2297 indicat,
585 2245 728 2301 atque
758 2251 870 2282 cum
888 2233 1038 2282 multa
1070 2232 1330 2281 ambitione
1360 2231 1695 2299 excipiendum
1729 2232 1781 2281 in

347 2313 542 2374 urbem,
578 2313 818 2361 honorem
852 2327 1046 2378 quoque
1072 2310 1250 2376 absque
1287 2326 1423 2359 mora
1456 2319 1777 2376 recepturum.

350 2393 491 2441 Unde
508 2409 598 2441 nec
616 2408 775 2440 moras
794 2391 989 2451 faceret,
1010 2389 1096 2438 sed
1113 2390 1389 2456 quantotius
1405 2388 1674 2452 adveniret,
1694 2388 1786 2438 lar-

352 2471 548 2536 gitatem
560 2470 820 2537 pollicitam
838 2479 1138 2536 experturus.>

399 2648 420 2672 ⁸
441 2647 609 2683 Amulfus
622 2673 633 2690 ,
650 2658 734 2689 ran,
752 2658 799 2694 pa
812 2645 951 2680 abscisa.

401 2706 413 2725 ¹
440 2704 678 2740 abscesserunt
689 2714 789 2750 supra
798 2703 911 2750 posito
927 2701 972 2735 ab
986 2713 1023 2735 se
1037 2699 1181 2747 digressi
1195 2708 1277 2735 sunt
1292 2698 1408 2734 codes.

398 2762 415 2782 ¹
437 2759 589 2808 apex-im
603 2771 702 2808 supra
712 2759 824 2807 posito
839 2756 1047 2793 effunderet.
1069 2756 1185 2793 coda-z.
