1872 3372
351 269 432 310 254
841 268 1061 309 Rlcflfflu
1094 268 1193 310 1213.
1229 268 1299 308 lv.

351 368 493 425 portu
509 358 745 425 pervium,
761 357 824 406 ad
834 374 970 407 suam
980 368 1165 424 partem
1185 368 1505 424 retorqueret,
1516 375 1629 407 cum
1644 361 1788 410 etiam

352 439 398 485 in
429 437 579 502 Ligeri
604 437 763 503 plures
795 436 883 485 sibi
917 446 1085 503 portus
1109 447 1343 503 paterent.
1380 441 1476 486 Nec
1509 437 1571 487 de
1594 439 1789 507 perjurii

351 517 560 565 facinore
577 515 932 564 formidandum
943 552 956 575 ,
970 532 1080 564 cum
1094 515 1212 564 illud
1222 517 1322 581 jam
1336 516 1397 564 ab
1409 532 1500 564 avo
1517 533 1790 583 possessum

350 595 436 656 sit,
465 605 512 643 et
542 611 672 642 nunc
697 610 797 642 non
823 594 944 659 regis
969 594 1051 642 sed
1084 594 1273 644 alterius
1299 594 1548 643 habeatur.
1577 595 1718 646 Unde
1742 606 1792 646 et

351 673 577 722 omnibus
609 673 692 738 qui
733 671 879 720 fldem
913 672 1242 738 spondebant,
1280 673 1643 723 accelerandum
1681 690 1790 724 sua-

351 752 513 812 debat,
542 761 618 812 ut,
648 768 951 816 quacumque
981 751 1164 799 ratione
1191 751 1428 812 valerent,
1457 750 1519 800 ad
1547 752 1621 800 sui
1637 751 1793 805 domi·

353 831 487 878 nium
512 830 838 878 transferrent.

410 957 559 993 Lxxv.
576 977 627 985 —-
637 956 803 992 Inductio
815 957 835 979 ¹*
856 956 901 991 ab
913 957 933 979 ὓ
952 956 1066 1003 legato
1084 955 1222 992 Odoni·
1236 957 1275 991 in
1285 957 1304 978 ⁸
1321 955 1507 1004 presidem
1520 954 1687 992 miliduni
1697 955 1731 991 ⁶.

415 1071 548 1114 Tunc
566 1082 765 1114 suorum
790 1083 935 1126 unus,
959 1066 1099 1114 castri
1123 1065 1372 1134 praesidem
1396 1063 1794 1132 petens„firmis-

351 1147 520 1193 simam
539 1146 794 1193 amicitiam
810 1144 1024 1206 simulat,
1049 1143 1292 1210 fidemque
1310 1142 1511 1192 multam
1522 1143 1789 1211 pollicetur.

352 1223 496 1283 Quod
521 1234 567 1271 et
591 1223 831 1289 utrimque
849 1232 1147 1271 sacramento
1166 1239 1281 1270 mox
1297 1221 1539 1271 firmatum
1555 1222 1658 1272 suit.
1687 1225 1796 1273 Pre-

352 1303 601 1367 sidemque
613 1302 780 1349 affatus
793 1339 805 1362 ,
823 1291 958 1366 cujus
974 1310 1084 1348 ante
1099 1300 1191 1348 hac
1212 1310 1420 1349 castrum
1437 1300 1593 1363 fuerit,
1608 1301 1790 1367 quaerit.

353 1381 435 1429 Ille
448 1381 583 1444 cujus
595 1381 734 1428 fuerit
751 1397 852 1428 non
869 1379 1051 1427 abnuit.
1072 1383 1164 1428 Iste
1178 1396 1395 1446 quoque:
1413 1400 1437 1426 ι(
1452 1382 1588 1442 Quo,
1607 1380 1796 1447 »inquit

357 1482 379 1505 «
410 1460 581 1508 ordine
614 1459 676 1507 ad
711 1459 894 1523 regium
918 1459 997 1522 jus
1030 1459 1253 1507 accessit?
1273 1478 1297 1504 η
1325 1458 1407 1507 lue
1442 1476 1637 1525 quoque
1665 1459 1795 1508 idem

353 1539 671 1605 prosequitur.
703 1541 762 1585 Et
779 1539 893 1585 iste:
916 1540 1071 1598 «Cur,
1097 1557 1121 1582 »
1153 1538 1325 1603 inquit,
1349 1558 1373 1582 α
1394 1537 1558 1586 Odoni
1573 1537 1796 1605 praejudi-

357 1637 380 1662 «
410 1617 531 1663 tium
544 1615 613 1676 fit,
637 1633 748 1663 cum
768 1631 1085 1682 sepenumero
1103 1615 1239 1663 reddi
1262 1615 1351 1663 sibi
1370 1616 1574 1681 petierit,
1595 1626 1644 1665 et
1659 1632 1712 1667 se
1727 1616 1799 1664 in·

357 1717 380 1740 «
411 1695 553 1743 ferior
565 1711 624 1742 eo
642 1711 773 1742 nunc
791 1695 1001 1760 potiatur
1010 1694 1396 1754 ?—-Quoniam,»
1411 1694 1615 1759 inquit,«
1632 1693 1682 1742 id
1698 1695 1796 1760 regi

359 1796 381 1820 κ
411 1775 479 1822 sic
496 1776 651 1822 visum
671 1785 756 1822 est.
787 1777 887 1821 »Et
914 1775 1001 1821 iste
1022 1793 1032 1820 :
1054 1776 1317 1834 «Putasne,
1343 1792 1366 1818 »
1395 1774 1574 1838 inquit,
1598 1774 1797 1841 «ipsam

359 1875 382 1898 «
411 1853 716 1900 Divinitatem
731 1869 831 1899 non
858 1852 1037 1899 offendi
1056 1889 1068 1912 ,
1091 1868 1203 1899 cum
1220 1862 1413 1899 mortuo
1431 1861 1567 1917 patre
1589 1851 1798 1918 pupillus

360 1952 383 1977 «
414 1931 593 1996 absque
623 1948 674 1978 re
701 1931 990 1996 patrimonio
1028 1930 1308 1978 frustratur?
1336 1950 1359 1975 »
1388 1933 1446 1978 Et
1461 1930 1570 1979 ille:
1607 1951 1629 1975 α
1651 1933 1743 1993 lta,
1770 1950 1794 1977 >a

358 2009 526 2074 inquit.
557 2029 579 2053 «
604 2012 662 2056 Et
679 2025 779 2056 non
799 2008 954 2056 solum
974 2008 1022 2055 id
1036 2045 1048 2069 ‚
1082 2008 1166 2056 sed
1191 2018 1238 2056 et
1260 2008 1504 2056 bonorum
1527 2008 1796 2080 desperatio

361 2107 384 2132 «
414 2087 482 2134 fit.
506 2087 624 2146 Quis
647 2087 775 2134 enim
799 2087 924 2133 inter
946 2086 1171 2152 primates
1192 2086 1366 2134 Odone
1391 2086 1664 2152 potentior?
1681 2088 1798 2147 Quis

359 2187 384 2211 «
413 2166 546 2213 omni
564 2165 751 2213 honore
779 2165 999 2230 dignior?
1025 2184 1046 2209 υ
1078 2169 1230 2230 Atque
1253 2165 1317 2213 ad
1343 2165 1444 2214 haec
1468 2166 1556 2215 iste
1577 2183 1590 2213 z
1615 2185 1641 2212 «
1661 2166 1738 2228 Si,
1770 2185 1794 2211 »ι

359 2245 529 2310 inquit,
550 2264 573 2289 «
596 2244 659 2292 ad
692 2243 918 2292 Odonem
954 2244 1203 2292 transverti
1236 2243 1406 2305 velles,
1445 2243 1799 2310 numquidnam

362 2344 385 2367 «
414 2322 634 2388 ampliori
663 2323 878 2388 potentia
917 2331 1026 2369 tene
1059 2321 1415 2370 sublimandum
1448 2322 1713 2372 arbitrarfi?
1750 2324 1800 2375 si

360 2420 383 2446 «
413 2400 515 2464 ejus
534 2416 685 2459 esses»,
708 2400 809 2463 ejus
834 2400 936 2447 sine
962 2398 1111 2447 dubio
1139 2401 1363 2465 gratiam,
1386 2401 1667 2462 consilium,
1685 2417 1799 2468 sup-

362 2498 385 2523 «
415 2479 566 2543 petias
582 2477 800 2525 haberes.
831 2481 924 2525 Pro
950 2493 1048 2524 uno
1067 2488 1251 2538 castro,
1272 2478 1480 2544 plurima
1507 2478 1795 2545 possideres.

363 2576 385 2600 «
417 2555 556 2604 Unde
594 2565 642 2603 et
674 2556 743 2603 tui
779 2555 987 2603 nominis
1022 2556 1172 2620 gloria
1208 2574 1267 2604 eo
1304 2557 1502 2606 ulterius
1538 2558 1628 2606 iret
1642 2593 1656 2619 ,
1700 2573 1800 2624 quo

362 2654 386 2678 «
415 2634 618 2700 amplius
648 2633 847 2681 honoris
880 2634 1070 2683 culmen
1105 2635 1445 2701 adipiscereris.
1474 2655 1498 2682 »ι
1531 2635 1616 2685 Ille
1638 2652 1756 2685 vero
1785 2655 1796 2683 :

407 2794 427 2814 *
454 2791 513 2834 ln,
531 2793 574 2826 ab
587 2819 595 2834 ‚
616 2792 650 2825 in
663 2818 672 2834 ,
690 2792 712 2825 li
734 2791 871 2826 abscisa.
