1872 3372
346 276 428 314 ‘298
834 273 1054 315 Rlanm
1089 274 1186 315 1218.
1216 275 1286 315 w.

889 396 989 432 cul.
1004 417 1051 425 —
1061 397 1223 433 Pan-ticio.

419 526 444 552 «
469 507 563 556 Sed
590 523 724 566 ecce,
761 524 820 556 ex
850 507 1051 557 adverso
1072 510 1277 557 occurrit
1300 508 1668 575 calumpniam-3
1691 523 1775 557 vo-

354 607 375 629 «
405 603 516 633 cum
547 584 858 646 novitatibus,
896 597 949 635 ut
988 587 1141 651 major
1173 586 1254 635 fiat
1289 587 1491 647 invidia,
1519 585 1776 636 delectam

353 686 374 708 «
406 664 696 729 obloquitur.
722 666 976 713 Dominum
1000 676 1129 713 tuum
1153 665 1414 724 tradulckti,
1439 667 1622 714 carceri
1641 681 1775 713 man-

353 762 375 784 «
405 743 598 806 cipasti,
618 758 842 807 sponsam
855 742 959 808 ejm·
977 746 1180 809 rapuisti
1187 779 1205 806 ,
1224 742 1379 791 sedem
1388 744 1656 809 ρεννωιίςιί.
1683 762 1708 788 n

513 883 609 919 CIV.
626 903 675 912 —
689 883 921 919 Confirmatio
935 891 971 918 et
990 884 1213 932 :eprehensio
1232 885 1428 921 alternatim
1445 884 1598 934 digena.

417 1012 440 1035 «
470 994 601 1040 Itane
628 1009 716 1058 ego
738 992 989 1041 dominum
1005 1029 1019 1054 ,
1046 994 1181 1059 cujus
1206 1010 1470 1059 numquam
1493 1009 1657 1043 servus
1678 993 1777 1042 fue·

354 1089 376 1112 «
402 1068 517 1128 rim,
549 1070 627 1117 cui
658 1071 801 1118 etiam
835 1069 1022 1117 nullum
1053 1071 1333 1119 sacramenti
1363 1086 1512 1135 genus
1548 1084 1777 1135 umquam

354 1170 375 1192 «
405 1150 727 1214 praestiterim?
762 1152 859 1198 Etsi
891 1151 1021 1199 enim
1051 1151 1112 1199 ad
1153 1161 1338 1217 tempus
1364 1149 1614 1199 famulatus
1640 1165 1772 1210 sm,

353 1252 375 1276 «
407 1232 514 1280 fecit
541 1232 637 1280 hoc
667 1233 920 1298 imperium
950 1234 1098 1299 patris
1122 1234 1217 1281 mei
1242 1231 1572 1294 AdalberoniS,
1590 1232 1675 1299 qui
1698 1248 1802 1282 me-

353 1330 376 1354 «
406 1311 452 1358 in
490 1312 708 1359 Remensi
737 1311 935 1360 ecclesia
969 1312 1256 1359 commorari
1300 1310 1521 1376 praecepit
1535 1346 1550 1371 ,
1596 1309 1778 1376 quoad-

355 1408 377 1433 «
407 1405 557 1453 usque
587 1388 824 1455 pontificis
859 1390 907 1437 in
944 1406 1000 1438 ea
1040 1390 1206 1437 sacrati
1243 1405 1401 1437 mores
1430 1398 1657 1455 actusque
1697 1388 1778 1438 di-

355 1482 379 1508 «
407 1480 671 1511 noscerem.
691 1463 834 1522 Quod
854 1464 971 1511 dum
991 1465 1198 1530 operior,
1225 1463 1435 1512 hostium
1452 1462 1612 1530 praeda
1628 1463 1777 1513 factus

356 1561 380 1585 «
410 1558 516 1588 sum
531 1577 543 1600 ‚
569 1552 616 1589 et
640 1559 745 1606 quae
767 1552 921 1590 vestra
948 1542 1271 1591 munificentia
1288 1557 1667 1607 magnorumque
1689 1541 1778 1590 du·

354 1639 378 1664 «
407 1636 517 1667 cum
549 1620 735 1685 largitas
760 1621 885 1668 clara
915 1631 963 1668 et
987 1622 1223 1687 praecipua
1256 1620 1544 1681 contulerat,
1569 1618 1779 1669 violenta

356 1717 380 1742 «
407 1697 688 1762 praedonum
708 1715 875 1746 manus
898 1698 1111 1759 abstulit,
1138 1715 1311 1763 meque
1337 1714 1460 1765 pene
1481 1698 1668 1747 nudum
1688 1697 1780 1764 gla-

355 1794 378 1819 «
408 1774 498 1822 diis
529 1776 625 1823 suis
659 1786 873 1842 ereptum
911 1776 1078 1824 doluit.
1117 1777 1334 1841 Denique
1362 1786 1616 1842 postquam
1644 1775 1779 1824 illum

356 1870 379 1896 «
410 1862 673 1917 apostatam
698 1853 953 1918 dereliqui,
972 1854 1070 1901 vias
1102 1863 1150 1901 et
1178 1852 1344 1900 itinera
1371 1852 1472 1917 ejus
1494 1869 1595 1901 non
1619 1851 1780 1902 obser-

357 1950 380 1974 «
410 1931 545 1988 vavi,
566 1948 654 1978 nec
678 1931 890 1996 quolibet
905 1931 1053 1979 modo
1073 1932 1116 1979 ei
1134 1931 1499 1979 communicavi.
1521 1931 1780 1990 Quomodo

358 2028 379 2052 «
411 2025 523 2073 ergo
556 2027 666 2057 eum
708 2009 907 2070 tradidi,
944 2011 1049 2075 qui,
1083 2010 1165 2058 ubi
1199 2020 1312 2058 tunc
1346 2010 1576 2076 temporis
1609 2009 1777 2070 fixerit,

358 2107 381 2131 «
411 2088 618 2135 nescivi?
638 2088 732 2136 Sed
747 2105 902 2153 neque
919 2106 1030 2136 eum
1048 2089 1223 2136 carceri
1239 2088 1508 2153 mancipavi
1519 2122 1532 2148 ,
1551 2087 1636 2152 qui
1651 2103 1783 2136 nunc

359 2185 382 2208 «
410 2181 564 2231 nuper
612 2166 701 2213 sub
749 2168 995 2232 praesentia
1045 2166 1256 2215 fidelium
1305 2168 1494 2215 testium
1544 2165 1782 2214 seniorem

360 2262 383 2286 «
411 2259 572 2291 meum
601 2245 826 2304 conveni,
860 2254 910 2292 ut
933 2254 1129 2310 propter
1151 2261 1228 2293 me
1246 2260 1335 2292 nec
1353 2244 1416 2292 ad
1439 2252 1740 2292 momentum
1761 2243 1772 2268 ⁴

360 2341 384 2365 «
414 2321 508 2369 ulla
542 2322 832 2370 detineretur
855 2323 1084 2370 custodia.
1113 2323 1161 2370 Si
1193 2323 1322 2370 enim
1350 2322 1605 2370 auctoritas
1627 2330 1785 2370 vestm

360 2419 382 2443 «
410 2415 499 2464 pro
519 2417 597 2447 me
615 2410 780 2459 staret,
802 2401 852 2448 in
871 2411 1055 2449 tantum
1074 2401 1294 2448 Arnulfus
1310 2401 1580 2460 vilesceret,
1595 2398 1783 2449 utmihi

361 2496 386 2522 «
413 2478 664 2526 minimum
702 2479 878 2527 valeret
912 2480 1095 2527 obesse.
1127 2479 1270 2538 Quod
1305 2481 1343 2527 si
1377 2478 1614 2527 contraria
1635 2477 1779 2538 mihi,

363 2575 385 2599 «
415 2556 548 2621 quod
580 2556 722 2616 absit,
755 2558 984 2605 sententia
1014 2567 1167 2605 vestra
1197 2558 1498 2617 decerneret,
1529 2555 1647 2622 quid
1675 2570 1783 2603 meo

364 2654 387 2677 «
417 2634 682 2694 interesset,
711 2646 870 2683 utrum
889 2636 1128 2695 Arnulfus,
1154 2653 1214 2683 an
1240 2636 1357 2684 alius
1384 2638 1641 2683 Remorum
1666 2649 1788 2682 con--

410 2785 424 2807 ¹
448 2785 492 2820 ad
512 2787 679 2821 monitum
698 2787 751 2820 ed.
