1872 3372
358 235 439 276 256
846 236 1067 277 menam
1101 237 1207 278 LlB.
1241 238 1311 278 1v.

359 343 381 366 u
411 322 689 383 Quomodo,
713 343 735 367 υ
756 323 927 390 inquit,
942 325 1159 392 «absque
1176 338 1372 395 peccato
1390 339 1437 377 et
1455 329 1694 382 dedecore
1707 331 1799 383 bec

358 421 381 445 «
413 399 516 449 fieri
548 418 691 468 posse
725 401 957 452 confidis?
983 423 1005 448 »ι
1042 407 1101 453 Et
1128 406 1215 455 iste
1248 407 1402 473 inquit
1431 426 1441 455 τ
1485 428 1509 454 «
1534 409 1583 457 Si
1613 419 1661 460 te
1685 428 1798 461 cum

358 500 381 525 «
411 488 566 528 castro
597 480 759 528 Odoni
777 482 988 542 confers,
1010 484 1239 551 quicquid
1268 485 1455 534 sceleris
1473 487 1608 537 nasci
1630 498 1795 557 putas,

359 579 383 604 «
414 576 576 607 meum
612 558 715 620 fiat,
750 577 912 609 meum
950 561 1150 611 dicatur.
1192 565 1361 613 Poenas
1405 563 1518 613 inde
1550 563 1715 629 luam,
1752 577 1801 617 et

358 656 381 681 «
412 653 609 684 summae
632 637 878 687 Divinitati
910 639 1147 687 rationem
1176 639 1391 689 reddam.
1430 641 1638 693 Consule
1661 642 1801 693 nobi-

360 734 382 758 r‹
413 714 530 762 litati
572 724 678 762 tuae.
727 718 818 763 Fac
859 725 1049 764 tuarum
1083 718 1243 766 rerum
1279 729 1610 783 augmentum.
1651 723 1800 772 Instat

358 812 381 837 «
412 802 615 858 tempus.
645 793 957 859 Oportunitas
989 794 1038 841 id
1066 795 1258 856 suadet,
1293 813 1405 844 cum
1436 797 1703 864 inpotentia
1726 814 1799 847 re-

358 891 380 914 «
411 869 589 934 gnandi
609 886 689 917 rex
714 871 773 918 sit
791 870 1044 936 inglorius,
1065 882 1113 920 et
1130 872 1356 921 Odonem
1382 875 1659 941 prosperior
1680 891 1800 924 sem-

359 968 381 992 «
411 965 499 1014 per
531 958 757 1013 sequatur
798 965 1060 997 successus.
1096 969 1120 995 »
1150 950 1234 999 Ille
1261 968 1423 999 rerum
1455 954 1798 1019 promissarum

355 1026 557 1092 cupidus
572 1062 585 1087 ‚
616 1037 967 1075 sacramentum
1001 1028 1134 1094 petit.
1159 1032 1250 1077 lste
1269 1029 1403 1091 facit,
1428 1040 1478 1079 et
1501 1048 1593 1098 pro
1610 1032 1799 1098 agendo

355 1105 548 1170 negotio
576 1104 766 1153 obsides
793 1105 965 1170 querit.
990 1105 1072 1154 llle
1097 1107 1303 1155 multum
1331 1107 1570 1159 honorem
1597 1109 1800 1160 seseha-

354 1182 567 1230 biturum
592 1182 848 1243 arbitrans,
865 1183 1056 1231 obsides
1085 1183 1200 1233 dare
1227 1202 1328 1233 non
1344 1185 1540 1236 distulit.
1563 1188 1799 1255 Quosiste

355 1272 594 1328 receptos,
618 1261 820 1309 domum
845 1261 1005 1322 duxit,
1037 1273 1084 1311 et
1113 1262 1275 1312 Odoni
1301 1265 1464 1314 omnia
1491 1264 1596 1317 haec
1617 1266 1793 1317 rendit.

598 1377 766 1412 LXXVI.
782 1398 831 1405 —
843 1378 1007 1415 Pervasio
1024 1379 1045 1402 ⁴⁸*
1062 1378 1233 1415 Miliduni
1249 1380 1270 1403 ⁴⁸
1292 1381 1337 1415 ab
1353 1379 1482 1417 Odone
1495 1381 1533 1419 ⁶.

421 1456 582 1505 Odoni
618 1459 776 1523 itaque
811 1469 861 1507 ut
903 1460 1069 1525 coeptis
1107 1461 1250 1509 instet
1290 1462 1474 1510 suadet.
1514 1465 1702 1512 Interea
1735 1463 1797 1513 ab

355 1536 530 1585 Odone
545 1538 694 1603 copiae
712 1537 835 1585 clam
859 1549 1104 1604 parantur,
1134 1549 1187 1587 ut
1205 1550 1414 1589 castrum
1443 1541 1735 1608 ingrediatur
1749 1554 1798 1592 et

355 1614 584 1679 optineat.
609 1614 787 1662 Paratis
804 1625 982 1676 autem,
999 1626 1215 1683 tempore
1237 1627 1413 1666 statuto
1429 1634 1690 1685 aggressus,
1714 1636 1798 1687 ap-

353 1693 472 1758 petit
496 1702 544 1740 et
562 1693 839 1759 ingreditur.
863 1694 1162 1743 Proditorem
1175 1695 1397 1745 simulato
1417 1697 1576 1746 stu-ore
1594 1694 1793 1758 invadit,

355 1781 402 1818 et
419 1771 597 1818 carceri
625 1772 881 1836 mancipat.
905 1773 999 1830 Qui
1018 1790 1118 1820 non
1144 1772 1297 1821 multo
1318 1785 1427 1840 post
1443 1791 1633 1824 carcere
1654 1776 1797 1824 emis-

352 1868 456 1910 sus,
479 1861 776 1898 sacramento
795 1868 958 1899 coram
984 1851 1131 1900 fidem
1159 1853 1290 1912 facit,
1324 1863 1373 1902 et
1400 1854 1572 1903 exinde
1589 1854 1654 1904 ad
1677 1856 1793 1905 resi·

351 1928 575 1976 stendum
593 1945 705 1976 cum
725 1928 899 1977 Odone
922 1946 1024 1977 sese
1042 1940 1193 1996 parat.
1213 1933 1332 1989 Quae
1354 1927 1517 1979 omnia
1533 1931 1597 1980 ad
1624 1949 1793 1998 regum

352 2023 491 2054 aures
517 2023 631 2053 mox
656 2006 812 2054 delata
840 2007 1069 2055 feruntur.
1105 2010 1251 2073 Reges
1275 2009 1337 2056 de
1367 2009 1507 2057 castri
1536 2010 1793 2059 amissione

353 2085 606 2145 commoti,
650 2085 700 2131 in
736 2086 896 2133 hostes
931 2086 1101 2135 milites
1143 2098 1335 2153 parant;
1372 2098 1699 2154 proponentes
1726 2089 1792 2139 ab

351 2163 602 2211 obsidione
620 2179 719 2210 non
739 2181 841 2211 sese
857 2164 1148 2214 discessuros
1159 2203 1171 2226 ,
1194 2166 1351 2215 donec
1367 2178 1450 2215 aut
1466 2178 1788 2234 expugnatum

352 2242 601 2307 recipiant,
630 2252 737 2301 aut,
777 2244 814 2289 si
841 2259 914 2290 res
939 2255 1185 2309 exposcat,
1223 2262 1334 2293 cum
1358 2246 1496 2294 hoste
1518 2247 1789 2296 comminus

350 2319 474 2367 vires
491 2328 539 2366 et
561 2335 692 2366 arma
716 2319 981 2368 conferant.

573 2437 761 2472 LXXVII.
778 2458 825 2465 —
838 2440 1001 2475 Accessus
1014 2440 1053 2462 ''¹⁴¹'‘
1070 2453 1192 2488 regum
1207 2441 1253 2476 ad
1269 2442 1489 2478 Milidunum
1501 2442 1556 2478 ”.

416 2515 592 2562 Paratis
630 2515 787 2580 itaque
828 2517 1008 2582 copiis,
1039 2529 1374 2584 *expugnatum
1423 2502 1673 2568 accedunt.
1729 2522 1787 2568 Et

347 2592 460 2657 quia
483 2603 691 2640 castrum
717 2594 1076 2643 circumfluente
1108 2599 1326 2661 Sequana
1354 2596 1784 2662 ambiebaturf‘ipsi

393 2698 413 2720 ”¹
440 2698 554 2739 vasio,
573 2697 629 2738 ni,
648 2696 785 2731 abscisa.

394 2754 435 2778 *ἶ
460 2767 535 2796 sus,
554 2753 598 2788 ad
620 2754 693 2788 Mili
715 2755 851 2788 ‹ibn-isa.
