<?xml version="1.0" encoding="UTF-8"?>
<!DOCTYPE html PUBLIC "-//W3C//DTD XHTML 1.0 Transitional//EN"
    "http://www.w3.org/TR/xhtml1/DTD/xhtml1-transitional.dtd">
<html xmlns="http://www.w3.org/1999/xhtml" xml:lang="en" lang="en">
 <head>
  <title>
</title>
<meta http-equiv="Content-Type" content="text/html;charset=utf-8" />
  <meta name='ocr-system' content='tesseract 3.04.00' />
  <meta name='ocr-capabilities' content='ocr_page ocr_carea ocr_par ocr_line ocrx_word'/>
</head>
<body>
  <div class='ocr_page' id='page_1' title='image "./richerhistoirede02richuoft_0234.png"; bbox 0 0 1872 3372; ppageno 0'>
   <div class='ocr_carea' id='block_1_1' title="bbox 325 274 1262 318">
    <p class='ocr_par' dir='ltr' id='par_1_1' title="bbox 325 274 1262 318">
     <span class='ocr_line' id='line_1_1' title="bbox 325 274 1262 318; baseline -0.005 -1"><span class='ocrx_word' id='word_1_1' title='bbox 325 279 406 318; x_wconf 79' lang='lat' dir='ltr'>22ss</span> <span class='ocrx_word' id='word_1_2' title='bbox 808 274 1026 316; x_wconf 74' lang='lat' dir='ltr'>tucuERt</span> <span class='ocrx_word' id='word_1_3' title='bbox 1060 274 1156 315; x_wconf 76' lang='grc' dir='ltr'>ΗΒ.</span> <span class='ocrx_word' id='word_1_4' title='bbox 1192 275 1262 313; x_wconf 81' lang='lat' dir='ltr'>tv.</span> 
     </span>
    </p>
   </div>
   <div class='ocr_carea' id='block_1_2' title="bbox 317 361 1764 979">
    <p class='ocr_par' dir='ltr' id='par_1_2' title="bbox 317 361 1764 979">
     <span class='ocr_line' id='line_1_2' title="bbox 327 361 1764 426; baseline 0.001 -14"><span class='ocrx_word' id='word_1_5' title='bbox 327 385 347 407; x_wconf 77' lang='lat' dir='ltr'>e·</span> <span class='ocrx_word' id='word_1_6' title='bbox 378 364 480 412; x_wconf 84' lang='lat' dir='ltr'>fuit.</span> <span class='ocrx_word' id='word_1_7' title='bbox 509 365 680 412; x_wconf 85' lang='lat' dir='ltr'>Sancta</span> <span class='ocrx_word' id='word_1_8' title='bbox 699 372 972 411; x_wconf 87' lang='lat' dir='ltr'>sanctorum</span> <span class='ocrx_word' id='word_1_9' title='bbox 1003 361 1214 410; x_wconf 86' lang='lat' dir='ltr'>hostium</span> <span class='ocrx_word' id='word_1_10' title='bbox 1245 362 1424 426; x_wconf 88' lang='lat' dir='ltr'>impetu</span> <span class='ocrx_word' id='word_1_11' title='bbox 1443 362 1764 414; x_wconf 69' lang='lat' dir='ltr'>contaminata</span> 
     </span>
     <span class='ocr_line' id='line_1_3' title="bbox 325 438 1758 504; baseline 0.001 -16"><span class='ocrx_word' id='word_1_12' title='bbox 325 466 347 489; x_wconf 88' lang='lat'>«</span> <span class='ocrx_word' id='word_1_13' title='bbox 377 452 510 502; x_wconf 89' lang='lat' dir='ltr'>sunt,</span> <span class='ocrx_word' id='word_1_14' title='bbox 534 441 854 490; x_wconf 75' lang='lat' dir='ltr'>sanctuarium</span> <span class='ocrx_word' id='word_1_15' title='bbox 875 442 960 488; x_wconf 89' lang='lat' dir='ltr'>Dei</span> <span class='ocrx_word' id='word_1_16' title='bbox 991 440 1179 487; x_wconf 73' lang='lat' dir='ltr'>nesariis</span> <span class='ocrx_word' id='word_1_17' title='bbox 1205 438 1474 504; x_wconf 85' lang='lat' dir='ltr'>quibusque</span> <span class='ocrx_word' id='word_1_18' title='bbox 1499 438 1727 490; x_wconf 82' lang='lat' dir='ltr'>violatum</span> <span class='ocrx_word' id='word_1_19' title='bbox 1745 478 1758 501; x_wconf 92' lang='lat'>‚</span> 
     </span>
     <span class='ocr_line' id='line_1_4' title="bbox 322 517 1762 585; baseline 0.001 -18"><span class='ocrx_word' id='word_1_20' title='bbox 322 542 346 567; x_wconf 88' lang='lat'>«</span> <span class='ocrx_word' id='word_1_21' title='bbox 375 522 501 570; x_wconf 85' lang='lat' dir='ltr'>cives</span> <span class='ocrx_word' id='word_1_22' title='bbox 519 535 714 585; x_wconf 87' lang='lat' dir='ltr'>quoque</span> <span class='ocrx_word' id='word_1_23' title='bbox 727 535 754 566; x_wconf 87' lang='lat' dir='ltr'>a</span> <span class='ocrx_word' id='word_1_24' title='bbox 768 517 1073 585; x_wconf 84' lang='lat' dir='ltr'>praedonibus</span> <span class='ocrx_word' id='word_1_25' title='bbox 1084 517 1272 583; x_wconf 82' lang='lat' dir='ltr'>direpti.</span> <span class='ocrx_word' id='word_1_26' title='bbox 1287 520 1507 576; x_wconf 85' lang='lat' dir='ltr'>Quorum</span> <span class='ocrx_word' id='word_1_27' title='bbox 1523 518 1762 569; x_wconf 84' lang='lat' dir='ltr'>malorum</span> 
     </span>
     <span class='ocr_line' id='line_1_5' title="bbox 321 596 1762 662; baseline 0.001 -17"><span class='ocrx_word' id='word_1_28' title='bbox 321 622 344 646; x_wconf 89' lang='lat'>«</span> <span class='ocrx_word' id='word_1_29' title='bbox 375 599 452 648; x_wconf 85' lang='lat' dir='ltr'>ille</span> <span class='ocrx_word' id='word_1_30' title='bbox 479 608 645 646; x_wconf 79' lang='lat' dir='ltr'>auctor</span> <span class='ocrx_word' id='word_1_31' title='bbox 675 613 775 645; x_wconf 86' lang='lat' dir='ltr'>esse</span> <span class='ocrx_word' id='word_1_32' title='bbox 814 597 1108 655; x_wconf 79' lang='lat' dir='ltr'>criminatur,</span> <span class='ocrx_word' id='word_1_33' title='bbox 1149 597 1231 662; x_wconf 92' lang='lat' dir='ltr'>qui</span> <span class='ocrx_word' id='word_1_34' title='bbox 1267 596 1328 643; x_wconf 91' lang='lat' dir='ltr'>ab</span> <span class='ocrx_word' id='word_1_35' title='bbox 1369 596 1587 645; x_wconf 79' lang='lat' dir='ltr'>hostibus</span> <span class='ocrx_word' id='word_1_36' title='bbox 1621 599 1762 647; x_wconf 86' lang='lat' dir='ltr'>tutari</span> 
     </span>
     <span class='ocr_line' id='line_1_6' title="bbox 322 673 1762 741; baseline 0.001 -17"><span class='ocrx_word' id='word_1_37' title='bbox 322 702 343 725; x_wconf 88' lang='lat'>«</span> <span class='ocrx_word' id='word_1_38' title='bbox 374 677 564 735; x_wconf 85' lang='lat' dir='ltr'>debuit,</span> <span class='ocrx_word' id='word_1_39' title='bbox 607 675 827 723; x_wconf 82' lang='lat' dir='ltr'>Arnulfus</span> <span class='ocrx_word' id='word_1_40' title='bbox 864 675 1077 740; x_wconf 81' lang='lat' dir='ltr'>ejusdem</span> <span class='ocrx_word' id='word_1_41' title='bbox 1115 673 1245 722; x_wconf 87' lang='lat' dir='ltr'>urbis</span> <span class='ocrx_word' id='word_1_42' title='bbox 1273 675 1542 741; x_wconf 88' lang='lat' dir='ltr'>episcopus.</span> <span class='ocrx_word' id='word_1_43' title='bbox 1574 679 1684 733; x_wconf 84' lang='lat' dir='ltr'>¹Hoc</span> <span class='ocrx_word' id='word_1_44' title='bbox 1718 677 1762 725; x_wconf 87' lang='lat' dir='ltr'>ei</span> 
     </span>
     <span class='ocr_line' id='line_1_7' title="bbox 318 752 1763 820; baseline 0 -15"><span class='ocrx_word' id='word_1_45' title='bbox 318 780 343 804; x_wconf 90' lang='lat'><strong><em>«</em></strong></span> <span class='ocrx_word' id='word_1_46' title='bbox 373 755 650 805; x_wconf 81' lang='lat' dir='ltr'>intenditur.</span> <span class='ocrx_word' id='word_1_47' title='bbox 680 752 748 800; x_wconf 73' lang='lat' dir='ltr'>Ad</span> <span class='ocrx_word' id='word_1_48' title='bbox 768 753 861 801; x_wconf 87' lang='lat' dir='ltr'>hoc</span> <span class='ocrx_word' id='word_1_49' title='bbox 894 752 1245 801; x_wconf 87' lang='lat' dir='ltr'>discutiendum</span> <span class='ocrx_word' id='word_1_50' title='bbox 1270 753 1439 818; x_wconf 88' lang='lat' dir='ltr'>regalis</span> <span class='ocrx_word' id='word_1_51' title='bbox 1457 754 1661 820; x_wconf 76' lang='lat' dir='ltr'>dignitas</span> <span class='ocrx_word' id='word_1_52' title='bbox 1681 755 1763 805; x_wconf 88' lang='lat' dir='ltr'>hic</span> 
     </span>
     <span class='ocr_line' id='line_1_8' title="bbox 319 831 1756 898; baseline 0.001 -16"><span class='ocrx_word' id='word_1_53' title='bbox 319 858 339 882; x_wconf 76' lang='grc' dir='ltr'>α</span> <span class='ocrx_word' id='word_1_54' title='bbox 372 854 461 884; x_wconf 89' lang='lat' dir='ltr'>nos</span> <span class='ocrx_word' id='word_1_55' title='bbox 491 833 694 898; x_wconf 85' lang='lat' dir='ltr'>collegit.</span> <span class='ocrx_word' id='word_1_56' title='bbox 730 832 982 879; x_wconf 86' lang='lat' dir='ltr'>Elaborate</span> <span class='ocrx_word' id='word_1_57' title='bbox 1002 831 1156 896; x_wconf 86' lang='lat' dir='ltr'>igitur,</span> <span class='ocrx_word' id='word_1_58' title='bbox 1179 841 1337 897; x_wconf 87' lang='lat' dir='ltr'>patres</span> <span class='ocrx_word' id='word_1_59' title='bbox 1361 831 1640 893; x_wconf 89' lang='lat' dir='ltr'>reverendi,</span> <span class='ocrx_word' id='word_1_60' title='bbox 1673 849 1756 894; x_wconf 83' lang='lat' dir='ltr'>ne,</span> 
     </span>
     <span class='ocr_line' id='line_1_9' title="bbox 317 910 1576 979; baseline -0.002 -21"><span class='ocrx_word' id='word_1_61' title='bbox 317 936 339 959; x_wconf 87' lang='lat'>«</span> <span class='ocrx_word' id='word_1_62' title='bbox 372 914 512 962; x_wconf 89' lang='lat' dir='ltr'>unius</span> <span class='ocrx_word' id='word_1_63' title='bbox 530 911 747 979; x_wconf 80' lang='lat' dir='ltr'>perfidia,</span> <span class='ocrx_word' id='word_1_64' title='bbox 771 910 974 975; x_wconf 81' lang='lat' dir='ltr'>dignitas</span> <span class='ocrx_word' id='word_1_65' title='bbox 992 910 1298 959; x_wconf 88' lang='lat' dir='ltr'>sacerdotalis</span> <span class='ocrx_word' id='word_1_66' title='bbox 1318 910 1526 960; x_wconf 80' lang='lat' dir='ltr'>vilescat.</span> <span class='ocrx_word' id='word_1_67' title='bbox 1552 932 1576 956; x_wconf 70' lang='grc' dir='ltr'>»ι</span> 
     </span>
    </p>
   </div>
   <div class='ocr_carea' id='block_1_3' title="bbox 982 1019 1079 1054">
    <p class='ocr_par' dir='ltr' id='par_1_3' title="bbox 982 1019 1079 1054">
     <span class='ocr_line' id='line_1_10' title="bbox 982 1019 1079 1054; baseline -0.01 0"><span class='ocrx_word' id='word_1_68' title='bbox 982 1019 1079 1054; x_wconf 80' lang='lat' dir='ltr'><strong>LIV.</strong></span> 
     </span>
    </p>
   </div>
   <div class='ocr_carea' id='block_1_4' title="bbox 314 1109 1760 1257">
    <p class='ocr_par' dir='ltr' id='par_1_4' title="bbox 314 1109 1760 1257">
     <span class='ocr_line' id='line_1_11' title="bbox 379 1109 1759 1177; baseline -0.001 -15"><span class='ocrx_word' id='word_1_69' title='bbox 379 1118 557 1162; x_wconf 85' lang='lat' dir='ltr'>Contra</span> <span class='ocrx_word' id='word_1_70' title='bbox 582 1112 682 1159; x_wconf 84' lang='lat' dir='ltr'>haec</span> <span class='ocrx_word' id='word_1_71' title='bbox 701 1127 811 1157; x_wconf 86' lang='lat' dir='ltr'>cum</span> <span class='ocrx_word' id='word_1_72' title='bbox 837 1109 1034 1174; x_wconf 90' lang='lat' dir='ltr'>quidam</span> <span class='ocrx_word' id='word_1_73' title='bbox 1070 1109 1379 1157; x_wconf 88' lang='lat' dir='ltr'>residentium</span> <span class='ocrx_word' id='word_1_74' title='bbox 1414 1109 1759 1177; x_wconf 83' lang='lat' dir='ltr'>responderent</span> 
     </span>
     <span class='ocr_line' id='line_1_12' title="bbox 314 1188 1760 1257; baseline -0.001 -16"><span class='ocrx_word' id='word_1_75' title='bbox 314 1191 588 1257; x_wconf 86' lang='lat' dir='ltr'>hujusmodi</span> <span class='ocrx_word' id='word_1_76' title='bbox 607 1190 854 1237; x_wconf 88' lang='lat' dir='ltr'>hominem</span> <span class='ocrx_word' id='word_1_77' title='bbox 874 1188 1150 1254; x_wconf 88' lang='lat' dir='ltr'>quantotius</span> <span class='ocrx_word' id='word_1_78' title='bbox 1177 1188 1588 1251; x_wconf 87' lang='lat' dir='ltr'>convincendum,</span> <span class='ocrx_word' id='word_1_79' title='bbox 1625 1200 1673 1239; x_wconf 86' lang='lat' dir='ltr'>et</span> <span class='ocrx_word' id='word_1_80' title='bbox 1692 1191 1760 1240; x_wconf 87' lang='lat' dir='ltr'>sic</span> 
     </span>
    </p>
   </div>
   <div class='ocr_carea' id='block_1_5' title="bbox 307 1264 1801 1337">
    <p class='ocr_par' dir='ltr' id='par_1_5' title="bbox 307 1264 1801 1337">
     <span class='ocr_line' id='line_1_13' title="bbox 307 1264 1801 1337; baseline -0.002 -16"><span class='ocrx_word' id='word_1_81' title='bbox 307 1275 435 1337; x_wconf 86' lang='lat' dir='ltr'>justo</span> <span class='ocrx_word' id='word_1_82' title='bbox 449 1271 623 1335; x_wconf 90' lang='lat' dir='ltr'>juditio</span> <span class='ocrx_word' id='word_1_83' title='bbox 640 1268 957 1336; x_wconf 87' lang='lat' dir='ltr'>puniendum,</span> <span class='ocrx_word' id='word_1_84' title='bbox 975 1268 1195 1332; x_wconf 87' lang='lat' dir='ltr'>Siguinus</span> <span class='ocrx_word' id='word_1_85' title='bbox 1213 1267 1466 1334; x_wconf 88' lang='lat' dir='ltr'>episcopus</span> <span class='ocrx_word' id='word_1_86' title='bbox 1478 1284 1579 1317; x_wconf 92' lang='lat' dir='ltr'>non</span> <span class='ocrx_word' id='word_1_87' title='bbox 1594 1267 1645 1317; x_wconf 90' lang='lat' dir='ltr'>id</span> <span class='ocrx_word' id='word_1_88' title='bbox 1656 1285 1760 1319; x_wconf 79' lang='lat' dir='ltr'>sese</span> <span class='ocrx_word' id='word_1_89' title='bbox 1795 1264 1801 1270; x_wconf 63' lang='grc'>’</span> 
     </span>
    </p>
   </div>
   <div class='ocr_carea' id='block_1_6' title="bbox 307 1345 1758 1806">
    <p class='ocr_par' dir='ltr' id='par_1_6' title="bbox 307 1345 1758 1806">
     <span class='ocr_line' id='line_1_14' title="bbox 312 1345 1758 1419; baseline -0.003 -19"><span class='ocrx_word' id='word_1_90' title='bbox 312 1352 657 1419; x_wconf 88' lang='lat' dir='ltr'>permissurum</span> <span class='ocrx_word' id='word_1_91' title='bbox 680 1346 949 1413; x_wconf 86' lang='lat' dir='ltr'>respondit,</span> <span class='ocrx_word' id='word_1_92' title='bbox 983 1356 1035 1393; x_wconf 83' lang='lat' dir='ltr'>ut</span> <span class='ocrx_word' id='word_1_93' title='bbox 1052 1346 1090 1392; x_wconf 91' lang='lat' dir='ltr'>is</span> <span class='ocrx_word' id='word_1_94' title='bbox 1115 1346 1198 1410; x_wconf 90' lang='lat' dir='ltr'>qui</span> <span class='ocrx_word' id='word_1_95' title='bbox 1216 1345 1471 1409; x_wconf 87' lang='lat' dir='ltr'>majestatis</span> <span class='ocrx_word' id='word_1_96' title='bbox 1495 1362 1605 1395; x_wconf 88' lang='lat' dir='ltr'>reus</span> <span class='ocrx_word' id='word_1_97' title='bbox 1621 1362 1758 1396; x_wconf 87' lang='lat' dir='ltr'>accu-</span> 
     </span>
     <span class='ocr_line' id='line_1_15' title="bbox 313 1425 1758 1490; baseline -0.003 -11"><span class='ocrx_word' id='word_1_98' title='bbox 313 1441 443 1479; x_wconf 89' lang='lat' dir='ltr'>satur</span> <span class='ocrx_word' id='word_1_99' title='bbox 467 1428 558 1476; x_wconf 90' lang='lat' dir='ltr'>sub</span> <span class='ocrx_word' id='word_1_100' title='bbox 594 1425 880 1474; x_wconf 87' lang='lat' dir='ltr'>discutiendi</span> <span class='ocrx_word' id='word_1_101' title='bbox 905 1441 1107 1472; x_wconf 87' lang='lat' dir='ltr'>censura</span> <span class='ocrx_word' id='word_1_102' title='bbox 1143 1434 1369 1490; x_wconf 89' lang='lat' dir='ltr'>ponatur,</span> <span class='ocrx_word' id='word_1_103' title='bbox 1416 1425 1508 1473; x_wconf 89' lang='lat' dir='ltr'>nisi</span> <span class='ocrx_word' id='word_1_104' title='bbox 1547 1435 1658 1474; x_wconf 73' lang='lat' dir='ltr'>ante</span> <span class='ocrx_word' id='word_1_105' title='bbox 1698 1442 1758 1475; x_wconf 80' lang='lat' dir='ltr'>ex</span> 
     </span>
     <span class='ocr_line' id='line_1_16' title="bbox 307 1502 1758 1574; baseline -0.002 -17"><span class='ocrx_word' id='word_1_106' title='bbox 307 1506 619 1574; x_wconf 89' lang='lat' dir='ltr'>jurejurando</span> <span class='ocrx_word' id='word_1_107' title='bbox 646 1505 1017 1571; x_wconf 86' lang='lat' dir='ltr'>promissionem</span> <span class='ocrx_word' id='word_1_108' title='bbox 1045 1503 1376 1569; x_wconf 85' lang='lat' dir='ltr'>indulgentiae,</span> <span class='ocrx_word' id='word_1_109' title='bbox 1410 1502 1472 1551; x_wconf 87' lang='lat' dir='ltr'>ab</span> <span class='ocrx_word' id='word_1_110' title='bbox 1501 1504 1694 1570; x_wconf 83' lang='lat' dir='ltr'>regibus</span> <span class='ocrx_word' id='word_1_111' title='bbox 1709 1515 1758 1555; x_wconf 84' lang='lat' dir='ltr'>ct</span> 
     </span>
     <span class='ocr_line' id='line_1_17' title="bbox 313 1581 1758 1655; baseline -0.004 -18"><span class='ocrx_word' id='word_1_112' title='bbox 313 1587 547 1655; x_wconf 85' lang='lat' dir='ltr'>episcopis</span> <span class='ocrx_word' id='word_1_113' title='bbox 565 1585 779 1649; x_wconf 89' lang='lat' dir='ltr'>accipiat.</span> <span class='ocrx_word' id='word_1_114' title='bbox 809 1583 958 1647; x_wconf 88' lang='lat' dir='ltr'>quue</span> <span class='ocrx_word' id='word_1_115' title='bbox 985 1582 1256 1630; x_wconf 86' lang='lat' dir='ltr'>faciendum</span> <span class='ocrx_word' id='word_1_116' title='bbox 1283 1581 1522 1630; x_wconf 84' lang='lat' dir='ltr'>asserebat</span> <span class='ocrx_word' id='word_1_117' title='bbox 1549 1599 1609 1630; x_wconf 83' lang='lat' dir='ltr'>ex</span> <span class='ocrx_word' id='word_1_118' title='bbox 1641 1599 1758 1631; x_wconf 87' lang='lat' dir='ltr'>con-</span> 
     </span>
     <span class='ocr_line' id='line_1_18' title="bbox 313 1660 1756 1728; baseline -0.003 -14"><span class='ocrx_word' id='word_1_119' title='bbox 313 1666 407 1714; x_wconf 87' lang='lat' dir='ltr'>cilii</span> <span class='ocrx_word' id='word_1_120' title='bbox 424 1663 638 1712; x_wconf 87' lang='lat' dir='ltr'>Toletani</span> <span class='ocrx_word' id='word_1_121' title='bbox 657 1662 809 1728; x_wconf 88' lang='lat' dir='ltr'>capite</span> <span class='ocrx_word' id='word_1_122' title='bbox 828 1663 909 1711; x_wconf 81' lang='grc'>31.</span> <span class='ocrx_word' id='word_1_123' title='bbox 934 1660 1095 1719; x_wconf 91' lang='lat' dir='ltr'>Quod,</span> <span class='ocrx_word' id='word_1_124' title='bbox 1119 1661 1232 1726; x_wconf 88' lang='lat' dir='ltr'>quia</span> <span class='ocrx_word' id='word_1_125' title='bbox 1243 1660 1462 1709; x_wconf 86' lang='lat' dir='ltr'>brevitati</span> <span class='ocrx_word' id='word_1_126' title='bbox 1486 1660 1756 1722; x_wconf 83' lang='lat' dir='ltr'>studemus,</span> 
     </span>
     <span class='ocr_line' id='line_1_19' title="bbox 315 1744 782 1806; baseline -0.011 -15"><span class='ocrx_word' id='word_1_127' title='bbox 315 1744 566 1791; x_wconf 85' lang='lat' dir='ltr'>omisimus</span> <span class='ocrx_word' id='word_1_128' title='bbox 585 1756 782 1806; x_wconf 89' lang='lat' dir='ltr'>ponere.</span> 
     </span>
    </p>
   </div>
   <div class='ocr_carea' id='block_1_7' title="bbox 451 1889 1619 1938">
    <p class='ocr_par' dir='ltr' id='par_1_7' title="bbox 451 1889 1619 1938">
     <span class='ocr_line' id='line_1_20' title="bbox 451 1889 1619 1938; baseline -0.004 -9"><span class='ocrx_word' id='word_1_129' title='bbox 451 1894 534 1929; x_wconf 82' lang='lat' dir='ltr'>LIV</span> <span class='ocrx_word' id='word_1_130' title='bbox 544 1894 579 1927; x_wconf 46' lang='grc' dir='ltr'>’ἢ</span> <span class='ocrx_word' id='word_1_131' title='bbox 591 1911 640 1920; x_wconf 91' lang='lat'>-—</span> <span class='ocrx_word' id='word_1_132' title='bbox 650 1891 904 1927; x_wconf 78' lang='lat' dir='ltr'>sermocinatio</span> <span class='ocrx_word' id='word_1_133' title='bbox 916 1892 935 1912; x_wconf 70' lang='lat'>*¹</span> <span class='ocrx_word' id='word_1_134' title='bbox 955 1891 1113 1925; x_wconf 83' lang='lat' dir='ltr'>Daiberti</span> <span class='ocrx_word' id='word_1_135' title='bbox 1125 1892 1144 1912; x_wconf 77' lang='lat'>¹¹</span> <span class='ocrx_word' id='word_1_136' title='bbox 1162 1902 1228 1938; x_wconf 86' lang='lat' dir='ltr'>pro</span> <span class='ocrx_word' id='word_1_137' title='bbox 1240 1890 1261 1913; x_wconf 63' lang='lat'><strong>⁴</strong></span> <span class='ocrx_word' id='word_1_138' title='bbox 1276 1889 1406 1938; x_wconf 83' lang='lat' dir='ltr'>juditio</span> <span class='ocrx_word' id='word_1_139' title='bbox 1428 1889 1575 1926; x_wconf 79' lang='lat' dir='ltr'>ferendo</span> <span class='ocrx_word' id='word_1_140' title='bbox 1585 1890 1619 1924; x_wconf 61' lang='lat'>⁹.</span> 
     </span>
    </p>
   </div>
   <div class='ocr_carea' id='block_1_8' title="bbox 320 1985 1761 2764">
    <p class='ocr_par' dir='ltr' id='par_1_8' title="bbox 320 1985 1761 2764">
     <span class='ocr_line' id='line_1_21' title="bbox 380 1985 1754 2053; baseline -0.005 -13"><span class='ocrx_word' id='word_1_141' title='bbox 380 1991 634 2040; x_wconf 85' lang='lat' dir='ltr'>Daibertus</span> <span class='ocrx_word' id='word_1_142' title='bbox 653 2025 665 2049; x_wconf 88' lang='lat'>,</span> <span class='ocrx_word' id='word_1_143' title='bbox 715 1988 1078 2035; x_wconf 88' lang='lat' dir='ltr'>Bituricensium</span> <span class='ocrx_word' id='word_1_144' title='bbox 1130 1987 1518 2053; x_wconf 89' lang='lat' dir='ltr'>archiepiscopus</span> <span class='ocrx_word' id='word_1_145' title='bbox 1535 2023 1548 2047; x_wconf 98' lang='lat'>,</span> <span class='ocrx_word' id='word_1_146' title='bbox 1595 1985 1713 2034; x_wconf 84' lang='lat' dir='ltr'>dixit</span> <span class='ocrx_word' id='word_1_147' title='bbox 1742 2004 1754 2033; x_wconf 70' lang='grc' dir='ltr'><strong>ε</strong></span> 
     </span>
     <span class='ocr_line' id='line_1_22' title="bbox 321 2064 1760 2126; baseline -0.001 -12"><span class='ocrx_word' id='word_1_148' title='bbox 321 2092 344 2116; x_wconf 87' lang='lat'>«</span> <span class='ocrx_word' id='word_1_149' title='bbox 373 2073 495 2119; x_wconf 89' lang='lat' dir='ltr'>Cum</span> <span class='ocrx_word' id='word_1_150' title='bbox 526 2077 712 2116; x_wconf 86' lang='lat' dir='ltr'>constet</span> <span class='ocrx_word' id='word_1_151' title='bbox 747 2066 949 2126; x_wconf 88' lang='lat' dir='ltr'>factum,</span> <span class='ocrx_word' id='word_1_152' title='bbox 983 2077 1029 2114; x_wconf 88' lang='lat' dir='ltr'>et</span> <span class='ocrx_word' id='word_1_153' title='bbox 1056 2065 1117 2113; x_wconf 91' lang='lat' dir='ltr'>de</span> <span class='ocrx_word' id='word_1_154' title='bbox 1150 2066 1348 2113; x_wconf 89' lang='lat' dir='ltr'>nomine</span> <span class='ocrx_word' id='word_1_155' title='bbox 1380 2065 1491 2113; x_wconf 86' lang='lat' dir='ltr'>facti</span> <span class='ocrx_word' id='word_1_156' title='bbox 1523 2064 1760 2113; x_wconf 83' lang='lat' dir='ltr'>dubitatio</span> 
     </span>
     <span class='ocr_line' id='line_1_23' title="bbox 320 2141 1755 2210; baseline 0 -19"><span class='ocrx_word' id='word_1_157' title='bbox 320 2170 343 2194; x_wconf 86' lang='lat'>«</span> <span class='ocrx_word' id='word_1_158' title='bbox 373 2147 504 2195; x_wconf 86' lang='lat' dir='ltr'>nulla</span> <span class='ocrx_word' id='word_1_159' title='bbox 548 2146 632 2206; x_wconf 87' lang='lat' dir='ltr'>sit,</span> <span class='ocrx_word' id='word_1_160' title='bbox 678 2153 912 2210; x_wconf 89' lang='lat' dir='ltr'>quantum</span> <span class='ocrx_word' id='word_1_161' title='bbox 958 2160 1153 2209; x_wconf 87' lang='lat' dir='ltr'>quoque</span> <span class='ocrx_word' id='word_1_162' title='bbox 1190 2143 1372 2191; x_wconf 83' lang='lat' dir='ltr'>facinus</span> <span class='ocrx_word' id='word_1_163' title='bbox 1404 2141 1755 2209; x_wconf 84' lang='lat' dir='ltr'>perpendatur,</span> 
     </span>
     <span class='ocr_line' id='line_1_24' title="bbox 320 2220 1760 2292; baseline -0.002 -21"><span class='ocrx_word' id='word_1_164' title='bbox 320 2248 343 2272; x_wconf 92' lang='lat'>«</span> <span class='ocrx_word' id='word_1_165' title='bbox 372 2223 621 2292; x_wconf 87' lang='lat' dir='ltr'>quomodo</span> <span class='ocrx_word' id='word_1_166' title='bbox 642 2241 700 2271; x_wconf 86' lang='lat' dir='ltr'>ex</span> <span class='ocrx_word' id='word_1_167' title='bbox 718 2223 995 2271; x_wconf 89' lang='lat' dir='ltr'>necessitate</span> <span class='ocrx_word' id='word_1_168' title='bbox 1011 2238 1095 2270; x_wconf 86' lang='lat' dir='ltr'>reo</span> <span class='ocrx_word' id='word_1_169' title='bbox 1112 2222 1170 2269; x_wconf 90' lang='lat' dir='ltr'>sit</span> <span class='ocrx_word' id='word_1_170' title='bbox 1187 2220 1553 2287; x_wconf 86' lang='lat' dir='ltr'>indulgendum,</span> <span class='ocrx_word' id='word_1_171' title='bbox 1569 2220 1760 2287; x_wconf 84' lang='lat' dir='ltr'>penitus</span> 
     </span>
     <span class='ocr_line' id='line_1_25' title="bbox 321 2297 1755 2358; baseline -0.001 -10"><span class='ocrx_word' id='word_1_172' title='bbox 321 2326 343 2349; x_wconf 90' lang='lat'>«</span> <span class='ocrx_word' id='word_1_173' title='bbox 372 2320 473 2352; x_wconf 91' lang='lat' dir='ltr'>non</span> <span class='ocrx_word' id='word_1_174' title='bbox 491 2301 705 2350; x_wconf 85' lang='lat' dir='ltr'>adverto.</span> <span class='ocrx_word' id='word_1_175' title='bbox 730 2300 816 2347; x_wconf 90' lang='lat' dir='ltr'>Hic</span> <span class='ocrx_word' id='word_1_176' title='bbox 842 2300 972 2348; x_wconf 89' lang='lat' dir='ltr'>enim</span> <span class='ocrx_word' id='word_1_177' title='bbox 991 2300 1233 2346; x_wconf 86' lang='lat' dir='ltr'>incurrere</span> <span class='ocrx_word' id='word_1_178' title='bbox 1262 2298 1515 2347; x_wconf 85' lang='lat' dir='ltr'>necessitas</span> <span class='ocrx_word' id='word_1_179' title='bbox 1547 2297 1755 2358; x_wconf 86' lang='lat' dir='ltr'>videtur,</span> 
     </span>
     <span class='ocr_line' id='line_1_26' title="bbox 321 2376 1761 2446; baseline -0.003 -18"><span class='ocrx_word' id='word_1_180' title='bbox 321 2405 344 2429; x_wconf 89' lang='lat'>«</span> <span class='ocrx_word' id='word_1_181' title='bbox 374 2398 487 2431; x_wconf 90' lang='lat' dir='ltr'>cum</span> <span class='ocrx_word' id='word_1_182' title='bbox 517 2379 746 2446; x_wconf 88' lang='lat' dir='ltr'>juditium</span> <span class='ocrx_word' id='word_1_183' title='bbox 778 2377 1183 2446; x_wconf 87' lang='lat' dir='ltr'>promulgandum</span> <span class='ocrx_word' id='word_1_184' title='bbox 1230 2394 1331 2425; x_wconf 92' lang='lat' dir='ltr'>non</span> <span class='ocrx_word' id='word_1_185' title='bbox 1377 2377 1459 2436; x_wconf 91' lang='lat' dir='ltr'>sit,</span> <span class='ocrx_word' id='word_1_186' title='bbox 1503 2377 1594 2424; x_wconf 90' lang='lat' dir='ltr'>nisi</span> <span class='ocrx_word' id='word_1_187' title='bbox 1628 2376 1761 2444; x_wconf 89' lang='lat' dir='ltr'>prius</span> 
     </span>
     <span class='ocr_line' id='line_1_27' title="bbox 320 2454 1753 2528; baseline -0.003 -21"><span class='ocrx_word' id='word_1_188' title='bbox 320 2484 343 2508; x_wconf 87' lang='lat'>«</span> <span class='ocrx_word' id='word_1_189' title='bbox 373 2459 591 2528; x_wconf 88' lang='lat' dir='ltr'>supplicii</span> <span class='ocrx_word' id='word_1_190' title='bbox 627 2458 921 2523; x_wconf 87' lang='lat' dir='ltr'>indulgentia</span> <span class='ocrx_word' id='word_1_191' title='bbox 956 2455 1289 2505; x_wconf 90' lang='lat' dir='ltr'>convincendo</span> <span class='ocrx_word' id='word_1_192' title='bbox 1333 2471 1559 2504; x_wconf 86' lang='lat' dir='ltr'>concessa</span> <span class='ocrx_word' id='word_1_193' title='bbox 1594 2454 1753 2503; x_wconf 83' lang='lat' dir='ltr'>fuerit.</span> 
     </span>
     <span class='ocr_line' id='line_1_28' title="bbox 321 2534 1760 2601; baseline -0.003 -15"><span class='ocrx_word' id='word_1_194' title='bbox 321 2563 344 2587; x_wconf 87' lang='lat'>«</span> <span class='ocrx_word' id='word_1_195' title='bbox 376 2544 434 2588; x_wconf 83' lang='lat' dir='ltr'>At</span> <span class='ocrx_word' id='word_1_196' title='bbox 450 2539 491 2587; x_wconf 89' lang='lat' dir='ltr'>si</span> <span class='ocrx_word' id='word_1_197' title='bbox 507 2537 570 2586; x_wconf 88' lang='lat' dir='ltr'>ad</span> <span class='ocrx_word' id='word_1_198' title='bbox 588 2537 815 2586; x_wconf 87' lang='lat' dir='ltr'>secularia</span> <span class='ocrx_word' id='word_1_199' title='bbox 841 2537 949 2600; x_wconf 88' lang='lat' dir='ltr'>jura</span> <span class='ocrx_word' id='word_1_200' title='bbox 966 2536 1260 2601; x_wconf 87' lang='lat' dir='ltr'>respiciatur,</span> <span class='ocrx_word' id='word_1_201' title='bbox 1290 2534 1635 2600; x_wconf 88' lang='lat' dir='ltr'>quodcumque</span> <span class='ocrx_word' id='word_1_202' title='bbox 1657 2549 1760 2582; x_wconf 86' lang='lat' dir='ltr'>sce-</span> 
     </span>
     <span class='ocr_line' id='line_1_29' title="bbox 322 2609 1753 2684; baseline -0.003 -19"><span class='ocrx_word' id='word_1_203' title='bbox 322 2641 346 2666; x_wconf 86' lang='lat'>«</span> <span class='ocrx_word' id='word_1_204' title='bbox 374 2619 448 2668; x_wconf 92' lang='lat' dir='ltr'>lus</span> <span class='ocrx_word' id='word_1_205' title='bbox 467 2618 668 2684; x_wconf 86' lang='lat' dir='ltr'>quisque</span> <span class='ocrx_word' id='word_1_206' title='bbox 687 2616 994 2674; x_wconf 88' lang='lat' dir='ltr'>commiserit,</span> <span class='ocrx_word' id='word_1_207' title='bbox 1023 2613 1288 2662; x_wconf 86' lang='lat' dir='ltr'>secundum</span> <span class='ocrx_word' id='word_1_208' title='bbox 1310 2613 1500 2662; x_wconf 89' lang='lat' dir='ltr'>sceleris</span> <span class='ocrx_word' id='word_1_209' title='bbox 1517 2609 1726 2661; x_wconf 87' lang='lat' dir='ltr'>modum</span> <span class='ocrx_word' id='word_1_210' title='bbox 1739 2647 1753 2673; x_wconf 89' lang='lat'>‚</span> 
     </span>
     <span class='ocr_line' id='line_1_30' title="bbox 322 2691 1274 2764; baseline -0.008 -21"><span class='ocrx_word' id='word_1_211' title='bbox 322 2718 346 2743; x_wconf 89' lang='lat'>«</span> <span class='ocrx_word' id='word_1_212' title='bbox 374 2694 664 2764; x_wconf 85' lang='lat' dir='ltr'>poenitentiae</span> <span class='ocrx_word' id='word_1_213' title='bbox 688 2693 926 2742; x_wconf 87' lang='lat' dir='ltr'>severitati</span> <span class='ocrx_word' id='word_1_214' title='bbox 947 2691 1226 2756; x_wconf 84' lang='lat' dir='ltr'>subjacebit.</span> <span class='ocrx_word' id='word_1_215' title='bbox 1251 2711 1274 2735; x_wconf 88' lang='lat'>»</span> 
     </span>
    </p>
   </div>
   <div class='ocr_carea' id='block_1_9' title="bbox 365 2811 1016 2859">
    <p class='ocr_par' dir='ltr' id='par_1_9' title="bbox 365 2811 1016 2859">
     <span class='ocr_line' id='line_1_31' title="bbox 365 2811 1016 2859; baseline -0.009 -10"><span class='ocrx_word' id='word_1_216' title='bbox 365 2816 385 2838; x_wconf 67' lang='lat'>¹*</span> <span class='ocrx_word' id='word_1_217' title='bbox 408 2814 529 2849; x_wconf 74' lang='lat' dir='ltr'>Sermo</span> <span class='ocrx_word' id='word_1_218' title='bbox 542 2840 550 2856; x_wconf 92' lang='lat'>,</span> <span class='ocrx_word' id='word_1_219' title='bbox 568 2812 657 2847; x_wconf 66' lang='lat' dir='ltr'>berti</span> <span class='ocrx_word' id='word_1_220' title='bbox 678 2825 744 2859; x_wconf 88' lang='lat' dir='ltr'>pro</span> <span class='ocrx_word' id='word_1_221' title='bbox 762 2838 769 2854; x_wconf 91' lang='lat'>,</span> <span class='ocrx_word' id='word_1_222' title='bbox 792 2813 859 2846; x_wconf 79' lang='lat' dir='ltr'>fere</span> <span class='ocrx_word' id='word_1_223' title='bbox 880 2811 1016 2844; x_wconf 73' lang='lat' dir='ltr'>abscisa.</span> 
     </span>
    </p>
   </div>
  </div>
 </body>
</html>
