1872 3372
374 247 455 286 ⁸200
853 240 1071 282 mem-:m
1103 239 1204 280 ΜΒ.
1237 239 1311 279 lv.

372 331 692 381 exulaverant.
736 331 850 378 Rem
890 328 1166 377 familiarem
1201 336 1253 374 ut
1285 334 1395 374 ante
1435 324 1720 392 disponunt,
1754 326 1802 374 iu

374 409 507 458 nullo
554 407 848 466 dubitantes,
894 417 941 454 et
985 422 1150 471 pacem
1192 402 1500 471 postmodum
1542 411 1798 471 sperantes.

373 488 563 536 Clerum
594 503 738 552 quem
768 487 987 534 amiserat
1012 485 1193 544 revisit,
1226 484 1364 550 eique
1392 482 1695 548 compatitur,
1719 481 1804 532 be-

375 565 683 614 nivolentiam
707 563 938 631 spondet,
968 570 1019 609 ut
1049 578 1076 609 a
1104 578 1152 609 se
1184 577 1284 609 non
1315 560 1538 609 deficiant
1568 559 1802 608 hortatur.

376 652 632 714 Postquam
653 648 763 695 satis
781 645 1005 710 colloquii
1027 660 1138 692 cum
1161 644 1257 692 suis
1275 643 1458 703 habuit,
1480 642 1542 691 de
1560 642 1808 692 securitate

376 727 486 776 fidei
503 736 550 774 et
570 724 717 786 urbis,
736 742 763 773 a
782 723 956 771 Karolo
971 723 1267 771 convenitur.
1288 722 1381 781 Qui
1397 722 1463 770 sic
1482 737 1620 770 orsus
1636 719 1803 787 coepit:

380 826 404 850 «
432 805 672 864 Quoniam
714 803 943 850 Divinitas
983 802 1032 848 in
1073 799 1298 848 omnibus
1334 800 1625 859 misericors,
1668 798 1810 847 etiam

381 905 405 930 «
433 884 550 931 dum
574 883 728 950 punit,
751 878 1118 936 misericorditer
1146 886 1389 944 operatur,
1406 877 1537 942 justo
1565 876 1668 942 ejus
1679 874 1809 942 judi-

380 983 403 1007 «
434 962 499 1010 tio
511 978 588 1009 me
605 970 653 1009 et
671 960 907 1024 abjectum
927 967 976 1005 et
994 967 1239 1023 receptum
1259 971 1515 1021 cognosco.
1540 953 1653 1019 Ejus
1669 954 1814 1020 aequi·

380 1060 403 1086 «
435 1050 528 1087 tate
551 1039 639 1087 hac
659 1038 776 1086 urbe
801 1054 879 1084 me
900 1045 1150 1101 exceptum
1169 1034 1388 1094 arbitror,
1405 1033 1507 1098 ejus
1522 1031 1812 1099 benignitate

382 1139 404 1165 «
435 1118 567 1184 quod
592 1126 806 1183 superest
827 1114 1088 1181 praestolor.
1118 1117 1278 1180 lpsum
1307 1113 1475 1172 etiam,
1502 1127 1589 1160 vos
1613 1120 1662 1160 et
1686 1109 1813 1160 hanc

382 1218 406 1243 «
435 1197 604 1245 urbem
627 1195 744 1244 mihi
779 1194 1040 1242 reddidisse
1073 1193 1262 1259 opinor.
1305 1195 1342 1239 Α
1383 1194 1483 1239 Deo
1516 1190 1676 1256 itaque
1707 1188 1814 1238 red-

383 1296 406 1322 «
437 1276 590 1323 ditum
625 1274 743 1322 mihi
773 1273 968 1338 adjungi
993 1287 1171 1337 quaerO.
1211 1269 1394 1318 Adsunt
1418 1278 1608 1328 sancta,
1647 1258 1813 1335 super*-

383 1375 407 1400 «
438 1354 601 1419 ponite
648 1352 914 1410 dexteram,
965 1350 1112 1398 fidem
1149 1358 1318 1396 contra
1352 1362 1520 1397 omnes
1561 1346 1809 1413 spondete.

385 1451 408 1476 α
439 1430 665 1496 Exceptio
689 1428 819 1476 nulla
845 1430 949 1488 erit,
973 1428 1012 1475 si
1037 1426 1178 1474 vultis
1208 1425 1325 1473 mihi
1343 1441 1506 1473 comes
1530 1423 1650 1473 fieri.
1676 1442 1703 1489 υ
1732 1421 1816 1471 Ille

381 1510 453 1556 sui
496 1508 595 1556 voti
638 1507 804 1555 avidus
820 1543 833 1567 ,
867 1504 1094 1571 quicquid
1131 1504 1366 1570 expetitur
1407 1501 1628 1569 spondet.
1666 1502 1818 1568 Super

381 1596 544 1635 sancta
582 1586 795 1633 dextram
834 1584 1073 1644 extendit,
1108 1599 1208 1630 non
1249 1582 1428 1630 veritus
1460 1580 1621 1646 jurare
1660 1578 1817 1645 quod-

382 1680 589 1729 cumque
615 1663 914 1729 propositum
943 1662 1045 1709 suit.
1092 1659 1230 1708 Unde
1266 1669 1314 1707 et
1350 1659 1534 1707 cunctis
1559 1655 1782 1706 credulus
1800 1692 1813 1716 ,

382 1742 500 1789 nulli
528 1751 771 1807 suspectus
797 1740 897 1787 fuit.
918 1743 971 1787 In
1000 1738 1133 1786 nullo
1151 1738 1344 1802 negotio
1369 1753 1396 1784 a
1412 1751 1606 1802 quoque
1622 1735 1813 1784 vitatur.

383 1823 455 1867 De
478 1819 595 1867 urbe
621 1818 902 1878 munienda,
932 1819 1030 1883 ipse
1061 1817 1216 1883 querit
1240 1826 1286 1864 et
1313 1815 1558 1864 deliberat.
1588 1814 1818 1881 Omnium

385 1915 576 1947 causam
598 1898 874 1946 sciscitatur.
902 1900 991 1944 Pro
1003 1895 1227 1944 omnibus
1246 1894 1498 1943 consultat.
1510 1895 1669 1952 Quare
1687 1893 1819 1957 igno-

385 1988 460 2025 tus
479 1987 677 2025 cunctos
697 1975 848 2023 latuit.

601 2095 753 2129 XLVII.
770 2113 818 2121 -—
834 2094 1109 2142 Comprehensio
1125 2095 1146 2117 ¹⁵
1164 2094 1289 2129 Karoli
1304 2093 1349 2127 ab
1365 2090 1601 2127 Adalberone.

451 2186 633 2230 Interea
652 2201 762 2231 cum
784 2184 944 2232 Karoli
963 2200 1254 2249 suorumque
1273 2182 1487 2231 habitum
1506 2181 1696 2248 penitus
1719 2196 1822 2246 per-

384 2262 597 2321 vidisset,
620 2279 720 2310 sesc
742 2264 883 2310 etiam
910 2262 1027 2309 nulli
1054 2279 1154 2311 esse
1182 2271 1474 2327 suspectum,
1501 2259 1639 2307 dolos
1662 2257 1822 2306 multi-

386 2340 550 2388 fariam
591 2340 937 2405 praetendebat,
979 2351 1030 2387 ut
1067 2350 1114 2387 et
1147 2339 1315 2387 urbem
1361 2338 1448 2385 sibi
1489 2323 1740 2395 redderet,
1777 2346 1824 2383 et

388 2417 614 2464 Karolum
638 2418 735 2482 regi
761 2427 953 2482 captum
976 2417 1199 2465 traderet.
1221 2415 1381 2464 Karoli
1405 2417 1563 2480 itaque
1583 2413 1823 2479 colloquio

387 2497 536 2543 utitur
572 2498 765 2561 saepius,
809 2496 1179 2544 benivolentiam
1227 2494 1406 2560 profert
1450 2492 1671 2559 amplius.
1713 2493 1824 2539 Sese

386 2589 581 2638 quoque
619 2573 656 2620 si
694 2583 913 2637 oporteat
959 2571 1266 2620 sacramentis
1304 2572 1452 2636 magis
1496 2567 1824 2634 stringendum

386 2650 551 2711 offert3
574 2661 704 2698 tanta
722 2651 903 2700 cautela
928 2650 1191 2699 calliditatis
1217 2667 1343 2710 usus,
1365 2660 1416 2697 ut
1440 2648 1638 2696 omnino
1658 2644 1825 2695 dolum

435 2769 451 2789 ⁴
474 2770 596 2805 hensio
621 2770 792 2804 abscisum.
