1872 3372
378 277 459 315 300
852 275 1071 315 mcnssm
1102 274 1196 315 Lm.
1230 275 1299 313 lv.

380 385 402 407 «
433 364 703 411 stitueretur
723 363 1000 429 episcopus?
1025 366 1128 410 Jam
1159 361 1220 411 de
1244 376 1420 427 sponsa
1445 370 1579 427 rapta
1598 360 1805 427 sedeque

382 461 404 484 α
435 456 630 506 pervasa
664 439 795 504 quod
832 439 1019 495 dicitur,
1059 437 1369 486 ridiculosum
1408 446 1494 485 est.
1526 438 1644 486 Dico
1677 438 1805 486 enim

382 538 403 562 «
434 519 659 584 primum,
682 533 943 582 numquam
965 516 1087 564 illius
1107 515 1247 564 fuisse
1269 531 1511 582 sponsam,
1530 531 1694 582 quam,
1715 531 1806 583 pro

381 622 403 644 «
435 600 639 664 legitima
658 598 917 647 donatione
940 597 1192 664 spiritualis
1217 597 1359 658 dotis,
1387 596 1569 646 collatis
1592 606 1703 646 ante
1723 595 1808 646 be-

382 702 403 724 «
437 680 615 727 neficiis
646 679 920 745 expoliavit,
953 678 1182 745 proscidit
1214 694 1271 727 ac
1305 678 1561 727 dilaniavit.
1591 676 1806 727 Necdum

380 779 402 801 «
434 756 711 805 sacerdotali
738 756 882 804 anulo
913 757 1155 821 insignitus
1180 766 1302 818 erat,
1325 767 1372 806 et
1389 757 1491 822 jam
1513 757 1675 817 omnia
1700 772 1806 823 quae

380 857 402 880 «
433 836 751 883 denominatae
778 853 962 903 sponsae
989 836 1129 883 fuisse
1158 835 1458 896 videbantur,
1480 835 1698 885 satellites
1723 836 1806 901 Sy-

380 936 399 957 «
436 914 590 961 monis
607 924 919 962 vastaverant.
941 914 1061 962 Dico
1086 915 1250 974 etiam,
1270 916 1308 963 si
1328 914 1670 982 concederetur
1686 931 1806 981 quo-

379 1017 400 1041 «
432 996 545 1043 libet
569 996 717 1044 modo
743 996 865 1044 illius
901 1013 1075 1062 sponsa
1107 996 1277 1058 fuisse,
1313 998 1478 1062 utique
1509 1013 1612 1046 esse
1637 996 1801 1055 desiit,

378 1094 401 1118 ‹ae
430 1085 686 1141 postquam
714 1091 819 1122 eam
844 1074 1078 1140 pollutam
1107 1085 1155 1122 et
1176 1075 1423 1135 violatam,
1450 1085 1528 1135 et,
1555 1084 1610 1123 ut
1641 1075 1707 1125 ita
1732 1073 1805 1124 di-

377 1175 400 1200 «
431 1171 536 1203 cam
553 1192 565 1215 ,
596 1155 908 1204 adulteratam
938 1157 1034 1203 suis
1063 1155 1356 1222 predonibus
1380 1155 1650 1223 prostravit.
1681 1158 1807 1205 Num

378 1254 401 1277 «
431 1235 571 1298 igitur
602 1250 733 1293 eam,
766 1244 847 1282 aut
881 1250 1026 1298 quam
1056 1250 1157 1282 non
1191 1234 1385 1293 habuit,
1422 1244 1505 1283 aut
1534 1250 1679 1300 quam
1717 1249 1808 1283 suo

378 1330 401 1355 «
431 1310 608 1359 scelere
626 1311 857 1377 perdidit,
883 1311 1005 1359 illius
1029 1328 1254 1377 sponsam
1272 1311 1440 1378 rapui?
1455 1310 1629 1360 Sedem
1645 1320 1805 1360 autem

379 1409 402 1435 «
434 1390 724 1455 populorum
759 1390 1063 1438 multitudine
1094 1390 1340 1451 refertam,
1381 1390 1566 1439 advena
1598 1400 1646 1439 et
1673 1406 1806 1457 pere-

378 1488 401 1512 «
429 1469 590 1532 grinus
609 1505 621 1528 ,
644 1468 785 1515 nullis
818 1469 962 1516 fretus
992 1468 1191 1534 opibuS‚
1222 1468 1483 1534 pervadere
1519 1468 1604 1534 qui
1637 1466 1806 1535 potui?

377 1566 400 1591 «
429 1546 523 1594 Sed
539 1546 659 1594 forte
683 1547 944 1611 apostolica
962 1547 1096 1594 sedes
1114 1547 1253 1594 nobis
1269 1548 1547 1613 opponitur,
1561 1556 1806 1612 tamquam

378 1643 400 1668 α
430 1640 485 1670 ea
529 1623 795 1670 inconsulta
832 1641 1074 1671 summum
1108 1623 1203 1672 hoc
1249 1625 1504 1689 negocium
1538 1623 1806 1672 discussum

377 1722 401 1746 «
431 1703 514 1761 sit,
535 1702 610 1750 vel
644 1703 907 1766 ignorantia
926 1739 938 1763 ,
960 1703 1036 1750 vel
1069 1704 1385 1750 contumacia.
1408 1706 1546 1751 Certe
1578 1701 1697 1750 nihil
1729 1717 1806 1750 ac·

378 1800 401 1824 «
428 1790 530 1828 tum
553 1780 628 1828 vel
647 1781 886 1845 agendum
905 1782 990 1829 fuit
1005 1818 1018 1842 ‚
1040 1781 1172 1846 quod
1189 1780 1459 1847 apostolicae
1474 1780 1578 1830 sedi
1600 1779 1805 1830 relatum

377 1876 401 1900 «
430 1874 529 1904 non
557 1858 718 1917 fuerit,
742 1858 938 1923 ejusque
973 1876 1060 1925 per
1091 1858 1257 1906 decem
1289 1868 1337 1906 et
1366 1869 1476 1907 octo
1506 1874 1694 1907 menses
1720 1874 1803 1907 ex-

378 1955 400 1979 «
429 1946 617 2000 pectata
641 1938 889 1984 sententia.
912 1936 1006 1984 Sed
1031 1936 1149 1984 dum
1173 1935 1234 1984 ab
1258 1935 1535 1984 hominibus
1552 1935 1805 1984 consilium

378 2033 400 2056 «
430 2030 529 2060 non
564 2015 765 2080 capitur,
809 2014 870 2062 ad
908 2014 990 2061 filii
1031 2015 1120 2062 Dei
1161 2015 1519 2080 supereminens
1561 2013 1805 2080 eloquium

377 2112 400 2135 «
428 2093 685 2140 recurritur
720 2111 729 2140 :
764 2096 820 2140 Si
848 2094 1033 2151 oculus,
1072 2093 1252 2159 inquit,
1294 2104 1400 2140 tum
1438 2092 1736 2141 scandalizat
1761 2103 1806 2140 te

377 2190 400 2213 α
428 2180 476 2217 et
502 2170 683 2235 reliqua
707 2172 742 2218 ⁴.
775 2174 834 2218 Et
857 2171 1049 2218 fratrem
1078 2181 1355 2237 peccantem
1371 2207 1383 2231 ,
1412 2187 1577 2219 coram
1607 2169 1804 2224 testibus

378 2267 401 2292 «
431 2264 690 2313 coramque
715 2248 908 2296 ecclesia
933 2249 1304 2308 commonitum,
1333 2259 1381 2296 et
1410 2265 1510 2297 non
1539 2247 1804 2297 obaudien-

378 2347 400 2370 «
431 2336 525 2373 tem
541 2363 554 2387 ,
589 2327 802 2374 decernit
835 2327 1112 2374 habendum
1156 2337 1398 2392 tamquam
1438 2327 1682 2375 ethnicum
1709 2326 1728 2352 ²
1757 2336 1805 2375 et

377 2423 400 2448 «
431 2404 754 2469 publicanum.
791 2408 1064 2453 Conventus
1089 2422 1201 2470 ergo
1233 2405 1477 2466 Arnulfu8‚
1503 2413 1552 2453 et
1586 2419 1802 2453 commo·

378 2502 401 2525 «
429 2483 555 2529 nitus
586 2482 750 2530 litteris
795 2493 841 2529 et
884 2482 1046 2551 legatis
1088 2483 1425 2549 episcoporum
1459 2482 1642 2543 Galliae,
1681 2491 1735 2531 ut
1775 2498 1806 2531 a

377 2580 399 2603 «
430 2570 585 2627 coepto
605 2560 762 2608 furore
777 2561 1134 2621 desisteret,·et‚
1158 2562 1197 2608 si
1216 2562 1416 2622 valeret,
1439 2577 1637 2627 quoquo
1653 2559 1814 2610 moda
1863 2567 1866 2571 '

424 2709 432 2727 ⁸
461 2716 494 2743 te
507 2721 589 2743 erue
605 2721 684 2743 eum
697 2736 706 2751 ,
728 2717 760 2743 et
779 2710 911 2757 projice
928 2710 1024 2744 illum
1047 2710 1107 2744 abs
1127 2719 1158 2744 te
1175 2709 1228 2743 ed.

421 2765 435 2785 ²
461 2765 637 2800 hetnicum
655 2781 684 2799 r.
703 2775 899 2799 constanter.
