1872 3372
355 245 438 287 306
854 240 1071 282 menam
1103 239 1204 281 ΠΒ.
1239 239 1311 279 Ν.

355 351 411 383 ex
453 333 671 382 Africano
706 342 754 381 et
787 331 1018 381 Toletano
1050 329 1262 379 conciliis
1306 329 1560 377 asserebat.
1598 329 1692 378 Sed
1729 346 1789 378 ne

355 412 539 460 domno
567 427 701 478 papae
727 411 927 459 omnino
955 409 1093 458 reniti
1113 408 1370 467 videretur,
1397 425 1423 456 a
1449 408 1698 455 missarum
1716 424 1791 456 ce·

354 490 617 539 lebratione
635 506 736 538 sese
759 498 1052 538 cessaturum
1071 504 1220 553 usque
1244 488 1293 534 iu
1311 486 1507 534 alteram
1529 486 1539 510 ⁶
1566 484 1790 535 sinodum

354 567 630 635 spopondit.
651 570 710 615 Et
723 567 880 616 statim
896 567 972 615 his
989 566 1126 614 dictis
1148 582 1330 614 sessum
1349 565 1523 614 reversi
1543 574 1669 613 sunt.

1001 712 1116 748 Cvn.

421 822 606 882 Quibus
632 820 994 870 considentibus
1010 820 1320 870 virdunensis
1342 821 1594 887 episcopus
1621 820 1792 868 iterum

357 921 572 971 surgens,
603 921 662 953 eo
687 903 822 970 quod
840 902 999 951 sinodi
1023 903 1255 969 interpres
1280 902 1562 963 habebatur,
1586 902 1649 951 ad
1674 902 1792 951 alios

358 985 440 1049 qui
472 985 807 1051 episcoporum
833 980 1034 1030 consilio
1060 998 1160 1029 uon
1195 982 1472 1041 interfuere,
1505 981 1573 1029 sic
1602 981 1795 1030 concio-

359 1072 498 1110 natus
518 1062 612 1110 ait:
636 1060 943 1120 «Quoniam,
968 1079 991 1105 »
1018 1060 1255 1125 inquiens,
1275 1080 1298 1105 «
1319 1059 1415 1107 hoc
1441 1058 1572 1107 unde
1596 1058 1677 1107 hic
1699 1059 1795 1124 agi-

362 1161 385 1186 «
417 1150 510 1200 tur,
531 1139 725 1187 diffiniri
745 1155 876 1187 nunc
893 1155 992 1187 non
1017 1148 1200 1205 potest,
1230 1155 1289 1187 eo
1308 1137 1442 1203 quod
1465 1138 1797 1186 controversiae

363 1239 385 1265 «
413 1236 524 1286 pars
549 1218 695 1267 altera
730 1217 918 1279 deficit,
944 1217 1100 1284 placet
1133 1217 1209 1265 his
1245 1216 1438 1265 domnis
1472 1215 1709 1282 episcopis
1743 1225 1808 1279 ut-

363 1318 386 1343 «
415 1297 554 1345 vobis
589 1297 968 1356 demonstretur,
1011 1296 1242 1362 presentis
1283 1295 1480 1343 rationis
1513 1310 1707 1343 causam
1746 1295 1794 1342 in

363 1396 386 1421 α
415 1376 546 1423 aliud
585 1385 772 1441 tempus
806 1374 1206 1434 transferendam,
1241 1385 1294 1422 ut
1334 1373 1399 1421 ibi
1437 1373 1521 1439 qui
1554 1372 1792 1433 intendat,

363 1475 386 1499 «
417 1465 464 1503 et
479 1455 561 1520 qui
580 1453 761 1502 refellat
777 1462 887 1501 ante
898 1452 1111 1518 judicem
1128 1453 1387 1501 consistant
1400 1488 1412 1509 ,
1432 1462 1485 1500 ut
1501 1451 1796 1517 singulorum

363 1553 386 1578 α
414 1533 627 1599 partibus
647 1532 888 1592 discussis,
910 1532 1024 1579 recti
1043 1531 1207 1595 judicii
1235 1531 1503 1597 proferatur
1526 1546 1744 1579 censura.
1769 1549 1792 1574 »

361 1611 432 1659 Ab
460 1611 684 1659 omnibus
720 1610 1000 1660 conceditur
1029 1620 1076 1658 et
1108 1609 1343 1658 laudatur.
1376 1609 1649 1657 Destinatur
1681 1624 1796 1673 ergo

360 1690 494 1738 locus
516 1690 674 1738 Remis
697 1689 827 1756 apud
856 1688 1133 1737 coenobium
1157 1687 1508 1736 monachorum
1532 1686 1681 1743 sancti
1712 1688 1799 1735 Re-

362 1770 517 1834 migii,
553 1779 742 1835 tempus
778 1785 972 1834 quoque
1010 1767 1089 1815 die
1121 1769 1169 1815 8.
1212 1777 1322 1832 post
1353 1765 1510 1814 natale
1540 1765 1691 1814 sancti
1724 1767 1801 1812 Jo-

361 1848 534 1896 hannis
563 1847 792 1914 baptistoe.
824 1846 1008 1905 Quibus
1040 1845 1307 1894 constitutis
1335 1854 1383 1892 et
1411 1843 1573 1903 dictis,
1600 1842 1802 1892 sinodus

362 1926 515 1974 soluta
540 1938 625 1975 est.

905 2059 1254 2078 ⁷-*-——--·——-
1274 2064 1285 2068 -

412 2235 567 2268 Historia
584 2231 670 2277 fim's
691 2234 726 2266 in
748 2245 871 2266 summa
888 2233 1018 2279 pagina
1044 2231 1113 2266 55¹.
1132 2234 1172 2264 In
1195 2231 1324 2278 pagina
1344 2231 1400 2265 56¹
1426 2228 1494 2263 alia
1513 2241 1610 2263 manu
1638 2228 1713 2263 ἅμα·
1737 2228 1802 2264 sil·

364 2295 461 2328 vestri
479 2297 530 2328 11.
551 2291 717 2341 epistola,
732 2293 861 2340 pagina
877 2290 932 2326 57'
951 2291 1077 2324 demum
1094 2291 1222 2324 notieioe
1246 2290 1373 2338 aliquot
1400 2301 1499 2323 manu
1523 2288 1652 2323 niel-en·
1674 2290 1805 2337 scripta·

362 2355 527 2402 leguntur,
557 2367 631 2403 quoe
651 2366 717 2402 pm
727 2352 950 2397 fundamento
966 2353 1074 2400 oper-it
1091 2350 1246 2396 exigendi
1265 2349 1425 2384 habenda.-
1443 2362 1512 2384 εισι
1528 2348 1709 2389 ‘videntur-,-
1726 2358 1802 2383 sum

364 2425 471 2450 amem
488 2415 538 2450 Ιιιε
557 2428 570 2449 .·

429 2522 663 2584 Tempore
699 2526 903 2575 statut0,
941 2516 1193 2583 Silvanecti
1226 2514 1424 2563 sinodus
1467 2514 1802 2581 episcoporum

365 2595 563 2644 collecta
596 2605 689 2653 est,
717 2593 801 2640 uhi
837 2595 980 2641 etiam
1019 2594 1143 2641 inter
1165 2592 1453 2639 Get-bertum
1484 2601 1527 2639 et
1559 2589 1806 2638 Arnuifum

417 2765 425 2781 ⁸
454 2759 597 2799 alteram
618 2763 692 2798 cod.
