1872 3372
363 255 442 296 308
855 254 1071 295 memini
1105 255 1203 295 Lm.
1238 256 1308 295 lv.

362 341 696 407 praesenmliter
726 343 846 390 ratio
879 342 1089 391 discussa
1120 353 1191 392 est
1220 342 1310 391 sub
1341 344 1587 409 praesentia
1623 343 1793 392 Leonis

362 418 543 469 abbatis
579 429 626 468 et
652 419 874 468 monachi
893 420 1028 485 legati
1064 420 1361 487 aliorumque
1393 437 1536 486 quam
1562 420 1787 487 plurium.

362 501 519 558 Rem,
539 498 725 547 Odonis
739 500 751 524 ¹
768 515 905 558 uxor,
925 515 1116 547 suarum
1136 516 1295 547 rerum
1320 499 1620 547 defensorem
1649 508 1792 564 atque

359 576 643 624 advocatum
670 575 948 625 Rotbertum
973 593 1132 642 regem
1151 577 1346 642 accepit.
1373 576 1632 624 Richardus
1652 593 1791 643 pyra-

360 664 515 702 tarum
539 654 636 701 dux
658 653 905 720 apoplexia
930 654 1115 702 minore
1141 655 1293 721 periit,
1324 653 1574 702 Hilduinus
1597 670 1791 721 quoque

361 731 634 779 vinolentia.

424 809 632 858 Sinodus
655 810 867 875 quinque
892 810 1228 876 episcoporum
1248 811 1297 859 in
1316 820 1480 859 monte
1497 821 1669 859 sanctae
1686 812 1793 859 Ma-

359 890 437 936 riae
468 888 631 937 habita
658 898 742 937 est.
785 887 1061 954 [Heinricus
1094 905 1287 954 quoque
1325 888 1421 936 dux
1452 887 1570 937 obiit
1593 888 1655 955 ⁸.]
1693 888 1791 937 Alia

360 967 473 1015 item
498 966 696 1015 sinodus
721 966 849 1032 apud
874 965 1151 1032 Engleheim
1175 967 1353 1015 indicta
1384 976 1455 1014 est
1481 977 1652 1016 sanctae
1677 971 1792 1031 Aga-

359 1045 462 1093 thes
503 1045 747 1093 festivitate
780 1043 1028 1104 habenda,
1057 1061 1162 1109 quae
1189 1054 1236 1093 et
1265 1061 1353 1092 suo
1386 1054 1600 1111 tempore
1630 1044 1793 1093 habita

359 1134 429 1171 est
447 1125 475 1170 ⁸.

424 1205 559 1249 Berta
583 1200 810 1248 Rotberto
836 1199 1018 1248 nubere
1049 1198 1235 1260 volens,
1258 1199 1542 1248 Gerbertum
1566 1200 1787 1261 consulit,

357 1297 412 1328 ac
430 1280 491 1327 ab
507 1296 566 1327 eo
583 1279 871 1327 confutatur.
1807 1278 1812 1283 ”

420 1357 679 1406 Gerbertus
707 1360 905 1404 Romam
929 1357 1291 1404 ratiocinaturus
1326 1355 1481 1415 vadit,
1515 1371 1572 1404 ac
1602 1355 1684 1417 ibi,
1719 1374 1790 1405 ra-

357 1437 486 1484 tione
517 1452 650 1502 papae
686 1435 822 1495 data,
857 1452 968 1482 cum
995 1434 1153 1482 nullus
1176 1443 1443 1493 accusaret,
1474 1432 1565 1482 alia
1590 1434 1789 1483 sinodus

356 1515 580 1563 indicitur
595 1516 623 1561 ⁴.

422 1596 559 1657 Hugo
579 1609 661 1640 rex
678 1591 863 1658 papulis
887 1600 990 1638 toto
1012 1606 1215 1656 corpore
1239 1589 1483 1638 confectus
1498 1624 1511 1648 ‚
1534 1588 1581 1637 in
1607 1588 1788 1657 oppido

354 1671 568 1735 Hugonis
586 1669 748 1718 Judeis
772 1670 1008 1717 extinctus
1026 1678 1112 1717 est.

423 1748 676 1797 Rotbertus
691 1765 773 1796 rex
788 1745 911 1813 pati-i
932 1747 1216 1807 succedens,
1239 1763 1437 1794 suorum
1460 1745 1659 1795 consilio
1687 1749 1793 1795 Ber-

357 1839 455 1876 tam
488 1827 622 1875 duxit
655 1843 878 1887 uxorem,
900 1842 956 1874 ea
982 1843 1094 1873 usus
1127 1826 1338 1884 ratione,
1375 1823 1509 1889 quod
1533 1823 1703 1872 melius
1732 1824 1791 1872 sit

358 1923 560 1972 parvum
579 1905 771 1971 aggredi
787 1904 966 1952 malum
983 1940 996 1964 ,
1015 1914 1069 1952 ut
1084 1903 1344 1951 maximum
1363 1903 1579 1951 evitetur.

426 2002 679 2049 Rotbertus
710 2018 810 2058 rex,
847 2000 989 2048 ducta
1030 2003 1166 2047 Berta
1205 2015 1380 2058 uxore,
1419 1999 1468 2045 in
1502 1997 1789 2058 Fulconem,

358 2082 441 2147 qui
466 2081 652 2129 Odonis
670 2079 967 2128 adversarius
986 2079 1153 2137 fuerat,
1185 2077 1356 2137 fertur,
1379 2086 1426 2123 et
1451 2076 1512 2124 ab
1537 2093 1597 2124 eo
1624 2074 1793 2124 urbem

359 2160 644 2207 Turonicam
667 2169 715 2206 et
737 2158 828 2206 alia
846 2174 952 2223 quae
969 2166 1240 2224 pervaserat
1259 2156 1354 2202 vim
1370 2155 1551 2221 recipit.

429 2248 680 2299 Rotbertus
698 2265 780 2296 rex
799 2249 847 2314 in
865 2248 1114 2312 Aquitania
1128 2246 1194 2294 ob
1213 2256 1439 2311 nepotem
1464 2261 1604 2293 suum
1633 2242 1795 2292 Wilel·
1831 2278 1840 2285 -

361 2344 495 2375 mum
515 2326 767 2375 obsidione
791 2325 1118 2374 Hildebertum
1136 2325 1325 2391 premit.

413 2590 424 2610 ¹
450 2589 496 2623 O.
519 2586 635 2621 codes.

411 2646 427 2666 ³
452 2646 566 2679 iterum
582 2642 704 2677 deleta.

414 2702 429 2722 ³
452 2714 521 2734 ‘voae
536 2699 677 2734 obtecta.

416 2758 432 2779 ⁴
456 2760 627 2804 Hucusque
643 2761 825 2788 atr-amento
832 2753 933 2799 fusco
952 2763 1014 2799 quo
1026 2751 1115 2796 solia
1130 2750 1252 2784 codicis
1275 2750 1389 2785 1-28
1406 2756 1541 2783 eaeamla
1561 2755 1658 2787 mnt;
1675 2745 1796 2795 reliqua

367 2821 580 2849 atmmaenmm
598 2824 724 2857 mgr-um
738 2809 895 2855 soliorum
911 2809 1060 2843 28—55'
1075 2808 1270 2855 plaeserunt.
