1890 3380
376 292 420 330 18
840 288 1055 330 mmmm
1089 289 1186 330 Lm.
1223 290 1298 331 111.

368 377 588 427 tianensis
626 387 672 424 et
707 378 986 436 Parisiacus,
1024 375 1279 426 Silletensis
1311 395 1527 445 quoque;
1565 390 1707 446 atque
1740 382 1791 432 hi

367 455 555 522 publice
598 454 945 504 consultabant.
998 455 1324 505 Renitentibus
1356 467 1516 507 autem
1563 460 1797 511 Roricone

368 534 667 583 laudunensi
712 543 758 582 et
790 531 1049 580 Gubuiuo‘
1100 532 1405 583 catalaunico
1443 537 1702 604 episcopis,
1746 549 1795 587 et

367 616 775 664 vehementissime
809 614 1125 664 asserentibus
1154 615 1287 680 quod
1312 632 1340 664 a
1371 618 1676 669 multitudine
1699 620 1796 687 epi-

365 710 621 760 scoporum
656 693 1093 741 excommunicatus
1117 710 1145 741 a
1172 694 1358 743 minore
1385 712 1554 746 eorum
1591 714 1795 749 numero

364 771 543 819 absolvi
569 787 668 819 non
698 781 887 837 posset,
911 770 1193 837 relinquitur
1215 773 1334 821 ratio
1355 772 1618 825 differenda
1640 792 1794 844 usque

373 850 432 897 ad
463 850 879 915 interrogationem
905 866 1038 916 papae
1065 851 1280 900 Romani.

1013 977 1134 1013 XVH.

423 1069 517 1114 Nec
556 1064 707 1113 multo
749 1075 885 1130 post,
937 1074 984 1112 et
1020 1064 1191 1130 legatio
1225 1063 1442 1130 dirigitur
1472 1065 1523 1114 in
1559 1064 1735 1115 Gallias
1767 1084 1795 1116 a

355 1143 537 1189 domno
581 1139 799 1189 Johanne
838 1157 995 1208 papa,
1047 1141 1130 1207 qui
1169 1141 1271 1205 jam
1312 1140 1602 1191 succedebat
1641 1144 1796 1192 Octo-

358 1218 540 1267 viano²
549 1254 561 1278 ‚
599 1217 767 1265 domni
806 1219 986 1284 Agapiti
1033 1220 1322 1278 successori;
1362 1236 1576 1268 asserens
1617 1220 1795 1288 praedi-

355 1309 485 1346 ctum
501 1300 777 1361 Hugonem,
797 1296 1070 1345 abdicatum
1089 1307 1186 1345 tam
1205 1297 1378 1345 sinodo
1406 1300 1622 1348 Romana
1644 1315 1790 1364 quam
1834 1311 1839 1317 ·

360 1375 510 1440 Papia:
542 1375 815 1461 nuperrime
846 1373 1034 1434 habita,
1073 1374 1135 1422 ab
1163 1376 1398 1442 episcopis
1426 1375 1566 1424 ltaliae
1597 1377 1792 1432 anatlie-

356 1452 649 1511 matizatum,
678 1452 766 1499 nisi
787 1450 884 1500 ab
872 1452 929 1499 iis
953 1469 1057 1517 quae
1076 1451 1234 1501 illicite
1250 1452 1494 1519 repetebat
1509 1454 1787 1542 quiesceret

355 1533 460 1588 Qua
494 1530 727 1594 legatione
764 1528 988 1577 omnibus
1028 1531 1266 1588 intimata,
1307 1531 1630 1594 quaerimoniae
1667 1533 1790 1581 ratio

354 1608 655 1675 pessumdata
680 1617 765 1656 est.
796 1610 934 1672 Ilugo
957 1609 1115 1673 itaque
1137 1624 1164 1656 a
1190 1608 1331 1656 fratre
1356 1626 1444 1657 suo
1471 1608 1701 1659 Rotberto
1723 1626 1792 1659 re·

352 1698 544 1753 ceptus,
586 1687 731 1735 nimia
755 1687 988 1736 anxietate
1019 1687 1142 1735 intra
1171 1687 1273 1736 dies
1303 1688 1615 1753 paucissimos
1645 1687 1790 1738 Meldi

353 1770 603 1818 defunctus
631 1779 716 1817 est.

1002 1912 1143 1946 xvuL

414 2001 573 2045 Bruno
619 1999 775 2062 itaque
817 1997 1217 2062 metropolitanus
1255 2008 1299 2044 et
1338 1998 1461 2057 dux,
1506 1998 1699 2047 cuidam
1730 2016 1784 2048 ex

349 2076 547 2141 collegio
591 2077 933 2124 canonicorum
974 2077 1276 2124 Mettensium
1327 2077 1524 2126 nomine
1562 2077 1787 2145 Odqlnico

348 2154 474 2220 apud
513 2170 672 2218 regem
710 2153 1017 2220 praesulatum
1050 2155 1306 2219 quaerebat.
1348 2155 1493 2214 Quod
1525 2172 1640 2205 cum
1666 2155 1788 2214 obti-

349 2233 527 2280 nuisset
543 2268 557 2291 ,
601 2248 763 2280 coram
807 2232 970 2281 adesse
1012 2232 1138 2281 facit.
1195 2233 1290 2291 Qui
1325 2234 1397 2280 vir
1435 2233 1783 2292 memorabilis,

347 2327 457 2359 cum
479 2321 601 2358 esset
628 2310 803 2358 divitiis
830 2320 878 2357 et
907 2309 1152 2359 nobilitate
1198 2310 1559 2376 litterarumque
1590 2313 1787 2362 scientia

346 2389 467 2437 adeo
494 2389 671 2447 clarus,
709 2405 769 2437 an
795 2406 904 2454 rege
930 2388 1156 2454 largiente
1191 2390 1519 2456 episcopatum
1549 2392 1786 2457 suscipere

345 2468 517 2516 audeat
547 2469 824 2515 sciscitatur.
876 2468 1062 2514 Etenim
1103 2478 1216 2515 tunc
1253 2468 1562 2534 expetebatur
1602 2486 1640 2537 a⁸
1665 2485 1784 2535 quo-

343 2543 453 2591 dam
485 2544 675 2603 illustri,
722 2546 798 2591 cui
831 2561 859 2592 a
890 2545 1012 2592 duce
1046 2545 1271 2612 auxilium
1311 2546 1565 2595 ferebatur.
1611 2550 1672 2596 At
1701 2546 1783 2596 ille

344 2631 507 2687 utpote
539 2624 608 2670 vir
641 2624 996 2688 magnanimus,
1047 2624 1083 2670 si
1118 2640 1199 2671 rex
1230 2624 1482 2688 largiatur,
1528 2639 1631 2674 sese
1661 2640 1783 2672 con—

393 2763 402 2783 ⁸
429 2775 491 2798 stc.
