1872 3372
374 286 450 324 170
860 282 1077 323 Rlcnssm
1110 283 1207 324 ΜΒ.
1241 284 1310 326 lv,

371 369 573 418 ruatibus
590 369 787 418 consilio
806 369 968 418 habito
981 407 994 431 ,
1017 370 1244 429 redeunt,
1267 381 1374 438 post
1392 371 1569 419 vernali
1586 382 1802 442 tempore

368 449 580 497 redituri.
610 449 794 508 Quibus
813 449 1055 510 abductis,
1086 449 1286 498 Karolus
1314 449 1479 498 urbem
1497 451 1800 518 circumqua-

368 543 462 592 que
500 525 811 593 perambulat.
859 527 1017 575 Sicubi
1056 528 1197 576 etiam
1228 528 1443 577 hostibus
1489 529 1634 579 facilis
1668 529 1805 581 locus

369 615 523 671 patet,
561 604 790 670 explorat.
836 604 1051 653 Obstruit
1091 606 1249 671 itaque
1283 617 1443 673 portas
1485 607 1695 656 hostium
1726 609 1806 658 in-

369 684 547 747 gressui
584 682 757 731 faciles.
792 682 995 731 Obturat
1025 684 1206 750 postica
1245 694 1354 751 post
1386 684 1558 734 domos
1590 686 1798 737 latentia.

371 764 615 809 Restaurat
643 778 808 810 muros
835 772 1065 810 vetustate
1092 761 1264 830 lapsos.
1285 764 1469 811 Turrim
1499 782 1693 831 quoque
1715 782 1804 833 po-

371 839 567 888 tioribus
592 838 788 888 edificiis
814 841 936 888 intra
964 850 1011 888 et
1034 851 1164 890 extra
1193 840 1356 890 dilatat
1382 859 1437 891 ac
1465 842 1638 892 firmat.

820 1073 901 1107 XX.
914 1092 961 1099 —
974 1073 1179 1120 Profugium
1197 1073 1365 1121 episcopi.

435 1185 487 1229 ln
506 1198 651 1247 quam
676 1184 927 1250 episcopus
957 1183 1200 1244 detrusus,
1229 1201 1340 1232 cum
1367 1184 1414 1231 in
1440 1184 1655 1234 conclavi
1678 1195 1808 1235 tene-

372 1269 517 1321 retur,
547 1260 738 1308 funibus
764 1278 849 1328 per
877 1262 1130 1310 fenestram
1164 1262 1397 1310 demissus
1413 1300 1425 1323 ‚
1455 1272 1670 1331 tempore
1693 1281 1808 1313 noe-
1830 1256 1836 1263 ⁸

371 1348 514 1385 turno
539 1356 665 1404 equo
683 1350 846 1388 vectus
872 1339 1066 1406 aufugit.
1091 1343 1149 1388 Et
1167 1351 1220 1388 ut
1251 1358 1302 1388 se
1330 1340 1506 1389 Karolo
1523 1357 1624 1390 non
1642 1341 1809 1391 favisse

372 1426 679 1477 monstraret,
720 1417 781 1465 ad
816 1435 948 1483 reges
982 1435 1083 1466 sese
1115 1418 1341 1478 contulit,
1375 1429 1422 1467 et
1454 1435 1482 1467 a
1507 1429 1637 1468 tanta
1659 1421 1810 1488 suspi-

372 1495 502 1542 tione
519 1497 753 1561 purgavit.
776 1496 1100 1545 Arbitrabatur
1117 1498 1245 1545 enim
1264 1498 1495 1563 quasdam
1514 1499 1810 1564 conjecturas

371 1589 511 1638 posse
544 1590 572 1621 a
606 1574 1027 1623 calumniatoribus
1062 1575 1298 1641 confingi,
1326 1577 1422 1624 acsi
1456 1577 1558 1643 ipse
1589 1577 1809 1645 capiendi

372 1653 746 1717 oportunitatem
780 1664 1004 1719 parasset.
1034 1654 1128 1712 Qui
1153 1665 1398 1721 susceptus
1427 1671 1456 1702 a
1479 1672 1614 1720 rege,
1641 1665 1810 1723 utpote

372 1729 608 1779 fidelitatis
624 1742 886 1792 exsecutor,
915 1749 1015 1780 non
1040 1733 1225 1781 minore
1243 1733 1390 1798 gratia
1412 1732 1603 1783 habitus
1620 1743 1707 1783 est.

1030 1913 1131 1948 XXI.

438 2020 620 2065 Interea
647 2019 801 2083 rigore
831 2019 1020 2067 hiemali
1054 2020 1238 2085 elapso,
1266 2037 1377 2067 cum
1402 2037 1510 2069 aere
1527 2021 1704 2070 mitiori
1729 2039 1812 2071 ver

374 2096 516 2144 rebus
543 2097 793 2158 arrideret,
816 2108 863 2146 et
888 2109 1020 2164 prata
1039 2109 1181 2164 atque
1205 2115 1401 2164 campos
1427 2100 1658 2148 virescere
1688 2099 1811 2148 face-

375 2180 468 2230 ret,
488 2188 621 2235 reges
639 2172 845 2219 exercitu
866 2172 1066 2220 collecto
1086 2172 1255 2221 urbem
1273 2172 1546 2239 praedictam
1564 2190 1677 2221 cum
1700 2184 1812 2222 octo

378 2249 568 2298 milibus
595 2252 797 2316 aggressi
827 2262 953 2300 sunt.
988 2255 1150 2300 Castra
1174 2252 1391 2318 inprimis
1418 2269 1588 2318 aggere
1613 2263 1661 2301 et
1691 2253 1813 2302 foma

376 2330 612 2378 muniunt.
644 2330 760 2379 Inde
785 2332 1038 2379 exstruitur
1061 2332 1182 2379 aries
1206 2330 1356 2378 muris
1378 2330 1652 2396 frangendis
1676 2332 1814 2380 obni-

375 2424 529 2456 surus.

808 2598 929 2632 xxu.
946 2618 995 2625 -
1010 2576 1229 2646 com'posicio
1245 2599 1373 2634 arietis.

440 2704 585 2768 Cujus
622 2705 891 2752 machinam
927 2723 982 2752 ex
1016 2716 1223 2769 quatuor
1255 2707 1384 2753 mirae
1416 2705 1744 2769 grossitudinis
1768 2715 1815 2754 et

377 2781 685 2847 longitudinis
727 2783 937 2831 trabibus
975 2784 1252 2847 longilatero
1289 2795 1494 2833 scemate
1533 2793 1811 2844 erexerunt,
