1872 3372
351 297 434 335 212
840 293 1062 336 mentam
1096 294 1195 336 1218.
1229 295 1301 335 lv.

353 400 455 432 ram
474 382 655 432 nullam
686 383 917 433 intendat.
943 385 1118 433 Vicinis
1152 385 1534 451 quibuscumque
1560 384 1785 446 confidit,

352 473 404 511 ut
426 473 537 531 post
561 480 612 511 se
646 464 866 524 veniant,
898 463 1078 529 legatos
1111 465 1282 513 mittat.
1313 467 1520 530 Moxque
1552 465 1639 513 etsi
1677 481 1787 514 cum

349 543 513 610 paucis
537 543 709 590 veniat.

350 851 520 886 XLVIII.
533 870 581 878 —
590 850 665 885 Rex
677 851 695 871 ⁴¹
713 850 823 899 captis
839 850 973 885 Karolo
984 849 1007 874 θ
1026 858 1061 885 et
1070 850 1093 874 ⁶
1109 851 1259 887 Arnulfo
1278 851 1494 888 laudunum
1502 852 1523 876 ⁶
1544 850 1743 900 ingreditur
1752 851 1789 886 ⁸.

416 967 512 1012 Rex
537 974 864 1030 quotcumque
903 974 1062 1030 potest
1088 967 1286 1013 assumit
1302 1001 1316 1026 ,
1356 975 1404 1014 et
1426 966 1529 1014 sine
1561 964 1792 1014 dilatione

352 1043 637 1091 Laudunum
661 1044 795 1109 petit.
820 1046 1091 1108 Nactusque
1109 1043 1278 1092 urbem
1293 1080 1305 1104 ‚
1338 1054 1386 1092 et
1418 1044 1546 1110 regia
1561 1043 1792 1109 dignitate

349 1132 602 1187 exceptus,
632 1121 694 1169 de
730 1121 879 1169 salute
912 1121 1151 1183 fidelium,
1197 1122 1425 1188 urbisque
1465 1122 1713 1190 ereptione
1743 1132 1791 1171 et

348 1200 561 1247 hostium
594 1200 1028 1267 comprehensione
1058 1202 1288 1267 quesivit,
1327 1211 1374 1250 et
1414 1200 1659 1250 addidicit.
1699 1201 1790 1250 Die

349 1279 495 1327 altera
522 1279 705 1326 civibus
730 1280 915 1340 accitis,
938 1279 1000 1327 de
1026 1279 1121 1327 fide
1141 1279 1231 1327 sibi
1259 1279 1485 1329 habenda
1513 1273 1805 1346 pertractat·

349 1358 421 1406 llli
446 1359 540 1406 acsi
559 1359 642 1423 qui
668 1359 794 1424 capti
819 1369 980 1419 erant,
1010 1369 1057 1407 et
1075 1360 1156 1424 qui
1179 1359 1281 1424 jam
1303 1359 1446 1423 injus
1471 1357 1664 1407 alterius
1687 1374 1789 1406 ces·

350 1448 533 1498 serant,
563 1437 708 1485 fidem
741 1437 920 1484 faciunt
945 1447 990 1484 et
1021 1438 1119 1502 regi
1152 1446 1450 1485 sacramento
1474 1436 1787 1486 asciscuntur.

352 1516 587 1581 Urbisque
628 1516 877 1564 securitate
914 1515 1060 1575 facta,
1096 1532 1178 1563 rex
1211 1515 1515 1563 Silvanectim
1538 1523 1651 1581 post
1678 1530 1789 1562 cum

351 1596 500 1662 captis
526 1595 746 1643 hostibus
771 1594 924 1642 rediit.
962 1596 1084 1643 Suos
1120 1594 1295 1643 deinde
1320 1594 1587 1653 sciscitans,
1614 1591 1793 1642 delibe-

353 1672 494 1720 randi
518 1673 753 1720 rationem
778 1671 1023 1738 querebat.

351 1947 483 1982 XLIX.
497 1966 545 1974 —
561 1946 826 1982 Deliberatioffl·
845 1945 1082 1992 quorumdam
1093 1946 1136 1969 *¹¹
1155 1944 1251 1994 apud
1275 1958 1392 1993 regem
1408 1944 1568 1994 super-¹⁸
1583 1945 1720 1982 Kal-olo
1730 1945 1788 1982 ”.

420 2063 527 2119 Qua
560 2059 621 2107 de
659 2076 711 2107 re
749 2058 953 2106 aliorum
986 2059 1219 2106 sententia
1253 2069 1381 2120 erat,
1416 2075 1446 2107 a
1478 2057 1654 2108 Karolo
1687 2059 1793 2107 viro

354 2139 484 2187 claro
506 2139 543 2198 ⁸,
573 2148 621 2185 et
645 2138 774 2202 regio
799 2154 972 2202 genere
992 2137 1178 2198 inclito,
1201 2138 1302 2202 ejus
1326 2147 1466 2186 natos
1493 2153 1664 2186 omnes
1679 2153 1792 2187 cum

355 2217 557 2267 natabus
596 2216 787 2264 obsides
813 2216 1142 2281 accipiendos3
1179 2216 1443 2283 petendum
1476 2216 1620 2264 etiam
1644 2214 1707 2264 ab
1732 2231 1793 2265 eo

355 2304 728 2353 sacramentum,
750 2312 848 2359 quo
875 2295 972 2359 regi
996 2293 1142 2342 fidem
1167 2294 1307 2342 faciat
1321 2330 1334 2355 ‚
1363 2311 1565 2359 regnum
1588 2294 1794 2343 ancioe

356 2394 623 2443 numquam
647 2394 749 2425 sese
773 2378 1107 2442 repetiturum,
1130 2387 1297 2425 contra
1320 2387 1460 2425 natos
1485 2393 1683 2443 quoque
1697 2386 1795 2425 tes·-

359 2465 629 2503 tamentum
658 2454 772 2502 inde
806 2455 1178 2520 facturum3quo
1212 2455 1336 2503 facto
1371 2454 1607 2502 Karolum
1633 2452 1791 2503 dimit-

357 2522 559 2581 tendum
583 2532 856 2580 censebant.
883 2532 1097 2580 Aliorum
1115 2549 1230 2581 vero
1257 2533 1493 2581 sententia
1511 2531 1792 2598 hujusmodi

405 2694 425 2716 '¹'
451 2693 523 2736 Re,
542 2692 678 2727 Rau-olo
693 2700 744 2736 et,
766 2705 852 2727 num
870 2692 882 2726 i
903 2692 991 2727 absc.

346 2752 353 2758 ²
406 2754 451 2776 ⁴⁸*
474 2753 572 2796 Deli,
589 2766 660 2799 quo
675 2780 684 2795 ,
705 2766 774 2801 apu
790 2780 798 2796 ,
818 2766 922 2800 super
942 2753 1030 2787 absc.

405 2812 416 2831 ⁸
444 2810 541 2846 doro
558 2809 672 2844 codes.
