1872 3372
398 284 472 322 180
871 276 1088 316 lucum!
1124 275 1223 316 Lm.
1259 275 1326 315 lv.

392 394 413 417 u
443 370 660 421 suadent.
688 368 999 417 Conferamus
1024 367 1260 432 utrimque
1293 366 1513 414 rationes.
1543 366 1678 414 Dicat
1709 362 1826 432 quid

391 469 414 495 «
443 450 645 517 quisque
662 448 822 515 potius
840 447 1009 511 cogitet
1028 465 1040 506 ;
1062 444 1177 510 quid
1198 444 1494 510 potissimum
1512 479 1525 504 ,
1548 459 1610 491 ne
1627 442 1827 493 abscon-

390 550 412 575 «
443 530 549 589 dat;
573 539 624 576 ut
644 538 689 574 et
708 544 764 574 ex
782 526 987 574 honesto
1012 525 1159 589 gloria
1178 525 1236 571 sit
1253 523 1522 571 communis
1535 558 1548 581 ,
1577 532 1625 571 et
1641 538 1697 571 ex
1716 539 1824 589 per-

387 630 410 654 «
438 610 553 656 nitie
572 593 932 655 incommodum
958 620 1092 669 aeque
1110 603 1360 668 patiamur.
1386 620 1411 646 υ

773 738 952 773 xxvul.
969 756 1017 763 —
1038 735 1220 771 promotio
1241 735 1377 770 Amulli
1395 738 1428 770 ³.

445 835 539 880 Rex
558 831 735 878 civium
765 827 1050 876 sententiam
1083 825 1343 892 approbat,
1372 837 1426 874 ut
1452 843 1617 875 coram
1641 826 1821 876 delibe-

376 920 483 958 rent
502 908 654 974 jubet.
691 909 914 955 Rationes
942 921 1106 952 coram
1140 903 1379 970 dispositae
1403 915 1529 953 sunt.
1572 905 1820 954 Arnulfum

375 991 535 1054 itaque
564 988 603 1035 si
627 986 760 1052 quod
786 984 994 1051 spondet
1018 981 1181 1043 faciat,
1203 983 1404 1048 dignum
1437 999 1629 1031 summo
1664 1000 1820 1032 sacer-

374 1068 508 1116 dotio
534 1075 767 1114 asserunt.
796 1067 961 1128 ltaque
984 1072 1181 1109 vocatus
1198 1097 1211 1121 ,
1242 1070 1290 1109 et
1315 1070 1426 1108 ante
1451 1077 1610 1126 regem
1643 1060 1821 1110 admis-

372 1164 453 1194 sus
477 1155 563 1194 est.
593 1144 687 1203 Qui
713 1142 775 1190 de
801 1141 896 1189 fide
930 1139 1155 1188 habenda
1192 1156 1302 1204 erga
1337 1156 1498 1204 regem
1528 1139 1816 1200 sciscitatus,

372 1224 435 1273 ad
468 1223 687 1271 omnium
711 1231 823 1269 vota
856 1218 1205 1267 modestissime
1238 1216 1503 1283 respondit.
1546 1216 1619 1265 Ad
1653 1233 1840 1275 coeno-‚

370 1304 506 1351 bium
524 1318 638 1367 ergo
666 1298 1016 1348 monachorum
1037 1296 1190 1345 sancti
1210 1296 1424 1361 Remigii,
1446 1294 1581 1361 quod
1607 1294 1670 1344 ab
1698 1294 1819 1345 urbe

369 1398 469 1429 uno
488 1380 691 1428 miliario
713 1379 856 1426 situm
885 1386 978 1435 est,
999 1375 1083 1423 ubi
1114 1373 1354 1424 ordinatio
1388 1374 1728 1440 episcoporum
1759 1391 1817 1423 ex

370 1460 569 1524 antiquo
596 1455 820 1506 habenda
855 1466 948 1514 est,
987 1471 1016 1502 a
1045 1471 1155 1519 rege
1192 1463 1240 1501 et
1268 1452 1550 1519 primatibus
1581 1451 1818 1502 deductus

370 1549 457 1586 est.
489 1537 581 1585 Ubi
599 1553 683 1583 rex
701 1551 813 1583 cum
839 1550 1038 1581 suorum
1057 1532 1244 1580 medius
1263 1531 1491 1580 resideret
1504 1567 1517 1591 ,
1539 1542 1650 1598 post
1665 1532 1821 1580 consi-

370 1617 433 1664 lia
458 1615 588 1682 apud
607 1631 719 1662 suos
738 1613 958 1660 secessim
981 1611 1145 1659 habita
1158 1648 1170 1671 ,
1200 1610 1382 1658 liberali
1409 1610 1602 1676 eloquio
1620 1611 1687 1658 sic
1704 1610 1819 1658 affa-

370 1707 446 1743 tus
466 1705 537 1742 est
557 1713 567 1740 ε
595 1714 618 1738 «
639 1693 769 1740 Divae
788 1691 1030 1739 memoriae
1051 1691 1062 1714 ¹
1089 1689 1333 1737 Ludovico
1361 1688 1570 1737 Lotharii
1588 1687 1687 1736 filio
1712 1688 1818 1736 orbi

373 1794 397 1819 «
427 1772 669 1820 subtracto
687 1807 700 1831 ,
720 1771 759 1818 si
775 1769 936 1837 proles
955 1768 1261 1834 superfuisset
1275 1804 1287 1827 ,
1310 1784 1418 1815 eam
1436 1766 1525 1815 sibi
1542 1767 1820 1817 successisse

373 1871 396 1897 α
426 1851 627 1917 dignum
645 1850 783 1897 foret.
806 1849 930 1907 Quia
956 1864 1071 1895 vero
1095 1847 1233 1912 regiae
1261 1845 1558 1911 generationi
1584 1845 1821 1894 successio

374 1952 398 1978 «
426 1930 557 1978 nulla
587 1940 681 1989 est,
714 1928 859 1993 idque
891 1926 1116 1974 omnibus
1135 1927 1200 1974 ita
1227 1926 1329 1973 fore
1345 1935 1502 1991 patet,
1523 1924 1667 1972 vestri
1685 1933 1822 1973 coete-

374 2030 398 2055 «
427 2025 689 2073 rorumque
722 2007 994 2072 principum
1012 2042 1024 2066 ‚
1048 2022 1218 2053 eorum
1251 2006 1396 2052 etiam
1428 2004 1511 2069 qui
1545 2004 1595 2052 in
1628 2002 1820 2051 militari

374 2109 397 2133 «
427 2087 597 2135 ordine
614 2087 825 2152 potiores
844 2094 979 2132 erant
999 2085 1197 2150 optione
1221 2092 1514 2147 assumptus,
1535 2081 1814 2148 praemineo.

374 2186 398 2211 «
429 2168 566 2214 Nunc
590 2180 704 2212 vero
732 2163 962 2228 quoniam
994 2179 1051 2210 ex
1086 2162 1212 2209 linea
1230 2161 1373 2225 regali
1400 2160 1479 2208 hic
1507 2159 1640 2208 unde
1660 2175 1820 2207 sermo

373 2265 396 2288 «
427 2253 497 2293 est
514 2242 644 2291 solus
660 2242 912 2308 superfuit,
944 2258 1005 2288 ne
1030 2241 1147 2288 tanti
1163 2240 1310 2306 patris
1329 2255 1507 2287 nomen
1526 2237 1686 2286 adhuc
1703 2237 1823 2286 obli-

373 2342 397 2367 «
426 2323 568 2370 vione
605 2321 828 2381 fuscetur,
862 2320 992 2367 hunc
1019 2318 1320 2384 superstitem
1350 2317 1548 2381 alicujus
1583 2316 1823 2383 dignitatis

371 2421 396 2448 t<
426 2401 614 2449 honore
641 2399 982 2466 expoposcistis
1009 2397 1195 2445 donari.
1225 2397 1274 2444 Si
1302 2413 1416 2461 ergo
1441 2395 1556 2444 fidei
1579 2393 1823 2443 servandae

373 2497 398 2524 «
420 2478 499 2543 jus
530 2476 827 2544 polliceatur,
859 2475 990 2524 urbis
1023 2475 1274 2523 tuitionem
1304 2472 1566 2540 spondeat,
1603 2471 1823 2521 hostibus

372 2578 395 2603 κ
426 2557 571 2605 etiam
605 2556 656 2603 in
686 2555 820 2603 nullo
851 2572 953 2603 sese
989 2554 1458 2612 communicaturum
1474 2588 1487 2613 ,
1526 2553 1677 2600 immo
1713 2549 1821 2599 illos

372 2656 395 2678 ιι
426 2635 752 2702 impetiturum
782 2635 1053 2700 promittat,
1076 2633 1218 2682 vestri
1241 2631 1398 2696 juditii
1427 2647 1629 2680 censura
1645 2646 1820 2679 conce-

414 2767 433 2787 *
461 2766 511 2799 Ar
527 2764 699 2798 abscisum.

415 2822 567 2857 ¹D.M.
