1872 3372
385 312 458 350 1:32
856 308 1072 348 lthllElll
1110 309 1208 348 Lm.
1244 310 1321 350 ΙΙΙ.

377 399 437 447 ad
474 399 725 447 stationem
752 377 959 446 hostium
992 397 1230 446 deducere
1260 398 1548 463 cogitabant.
1582 397 1676 446 Sed
1703 401 1816 465 quia

375 477 637 543 sagittarios
666 487 910 542 suspectos
949 475 1214 536 habebant,
1251 478 1484 526 rationem
1519 475 1811 541 querebant,

374 574 468 622 qua
517 554 734 603 hostibus
781 555 883 602 sine
924 571 1122 602 suorum
1168 554 1347 603 lesione
1385 555 1809 622 appropinquaret.

373 634 586 683 Tandem
611 635 794 681 ratione
824 632 1041 680 subtilius
1072 643 1426 699 perscrutante,
1466 645 1709 701 repertum
1746 645 1816 682 est

375 731 479 762 eam
515 713 575 760 ad
597 712 758 760 hostes
783 713 962 777 optima
982 722 1083 759 arte
1102 711 1293 760 detrudi
1319 729 1473 778 posse.

564 843 661 878 cvl.
675 862 722 870 —
738 842 910 877 Deduc-tio
927 841 972 876 nd
988 844 1004 863 ’
1025 842 1140 877 hostes
1156 843 1343 890 superioris
1359 844 1376 864 ‘⁶
1399 844 1570 879 machin:
1582 844 1614 878 ³.

436 942 691 991 Dictabant
708 943 837 990 enim
853 952 1061 1007 quatuor
1076 941 1256 1008 stipites
1274 941 1433 990 multae
1456 942 1787 1007 grossitudinis
1799 981 1811 1005 ‚

371 1033 504 1070 teme
529 1020 691 1069 solidae
719 1019 1022 1068 mandandos
1038 1056 1051 1081 ‚
1088 1019 1259 1069 decem
1286 1020 1491 1087 pedibus
1515 1021 1566 1069 in
1590 1032 1717 1072 terra
1734 1023 1816 1073 de-

371 1099 528 1158 fossis,
564 1108 675 1146 octo
695 1114 812 1145 vero
831 1114 859 1146 a
889 1107 1015 1145 terra
1034 1097 1208 1162 ejectis.
1239 1099 1334 1157 Qui
1352 1098 1495 1146 etiam
1521 1091 1818 1167 transpositis

369 1195 456 1244 per
494 1187 701 1242 quatuor
734 1175 882 1224 latera
908 1176 1146 1243 repagulis
1182 1175 1609 1226 vehementissimis
1642 1177 1818 1228 solida-

370 1266 552 1304 rentur.
590 1254 841 1321 Repagulis
875 1271 1071 1320 quoque
1104 1255 1392 1302 transmissis
1424 1254 1562 1304 funes
1600 1256 1829 1308 inseren-'

370 1335 475 1383 dos.
506 1334 599 1382 Sed
620 1334 806 1382 funium
824 1334 980 1399 capita
998 1333 1060 1381 ab
1083 1333 1304 1381 hostibus
1320 1332 1546 1395 abducta,
1567 1337 1817 1403 superiora

370 1413 568 1480 quidem
588 1411 842 1471 machinae,
871 1412 1098 1459 interiora
1116 1428 1232 1459 vero
1251 1411 1409 1460 bobus
1426 1423 1812 1464 annecterentur.

373 1498 428 1542 At
454 1493 680 1541 interiora
706 1492 894 1556 longius
921 1490 1244 1557 superioribus
1267 1491 1691 1557 protenderentur.
1727 1496 1816 1543 Su-

371 1572 557 1638 periora
595 1586 709 1618 vero
756 1569 977 1618 breviore
1021 1569 1167 1616 ductu
1219 1569 1492 1618 machinam
1538 1572 1816 1638 implicitam

373 1649 628 1708 haberent,
657 1648 721 1695 ita
750 1657 803 1695 ut
828 1648 951 1695 inter
981 1646 1141 1695 hostes
1161 1658 1208 1695 et
1234 1647 1384 1696 boves
1411 1649 1635 1700 machina
1651 1661 1812 1701 staret.

376 1727 513 1776 Unde
538 1738 585 1776 et
609 1726 769 1787 fleret,
804 1736 857 1774 ut
874 1735 1056 1791 quanto
1084 1725 1233 1774 boves
1260 1725 1322 1773 ab
1345 1726 1564 1776 hostibus
1581 1728 1817 1779 trahendo

372 1805 691 1866 discederent,
728 1814 862 1852 tanto
895 1802 1117 1851 machina
1146 1803 1363 1852 hostibus
1394 1815 1592 1856 attracta
1619 1809 1817 1876 propin-

372 1893 556 1950 quaret.
588 1885 698 1942 Quo
727 1891 1032 1941 comment0‚
1067 1881 1314 1931 chilindris
1338 1885 1623 1951 suppositis,
1644 1885 1819 1952 quibus

373 1961 553 2009 facilius
572 1969 759 2007 motum
779 1960 1036 2025 acciperet,
1060 1959 1281 2008 machina
1309 1960 1528 2011 hostibus
1551 1962 1687 2012 nullo
1706 1962 1817 2013 laeso

374 2039 572 2106 appulsa
595 2049 681 2087 est.

770 2133 887 2168 CVII.
902 2153 950 2161 —-—
961 2134 1121 2169 Victoria
1133 2134 1173 2157 *³⁸¹
1186 2134 1347 2170 Lotharii
1358 2135 1399 2158 ⁴⁸*
1408 2161 1415 2169 .

441 2224 706 2271 Adversarii
737 2241 933 2289 quoque
966 2225 1170 2273 similem
1202 2225 1400 2290 quidem
1433 2226 1706 2277 machinam
1740 2246 1819 2278 ex·

375 2311 568 2360 truunt,
605 2301 689 2349 sed
721 2301 972 2349 altitudine
1001 2313 1049 2350 et
1079 2302 1256 2350 robore
1285 2304 1577 2353 inferiorem.
1608 2310 1818 2374 Utraque

377 2397 488 2445 ergo
504 2389 739 2428 exstructa
764 2381 801 2440 ⁴,
823 2397 851 2428 a
870 2391 1004 2446 parte
1018 2391 1218 2446 utraque
1236 2398 1488 2430 ascensum
1507 2394 1592 2432 est.
1613 2386 1819 2435 Conflic-

376 2471 574 2525 tumque
589 2458 650 2506 ab
663 2459 876 2523 utrisque
889 2460 1261 2525 promptissime,
1274 2478 1363 2509 nec
1380 2472 1539 2511 tamen
1556 2463 1656 2513 ullo
1670 2465 1818 2514 modo

376 2537 571 2585 cedunt.
597 2539 690 2584 Rex
711 2554 822 2584 cum
848 2539 1047 2604 propior
1066 2540 1213 2586 inuris
1234 2539 1445 2602 adesset,
1482 2541 1640 2591 fundae
1656 2544 1817 2609 jaculo

377 2617 424 2663 in
453 2615 587 2663 labro
616 2615 862 2680 superiore
891 2617 1128 2664 sauciatus
1148 2628 1233 2665 est.
1261 2619 1406 2682 Cujus
1427 2620 1624 2684 injuria,
1646 2622 1719 2670 sui
1745 2639 1819 2672 ac-

423 2734 443 2755 *
468 2731 534 2775 ad,
555 2731 661 2773 ioris,
679 2743 707 2765 ω
728 2730 867 2766 abscisa.

421 2789 464 2814 ¹⁵
489 2788 562 2824 rin.
581 2788 624 2822 rii
645 2788 784 2822 abscisa.

423 2850 434 2868 '
461 2847 586 2881 educta
604 2847 818 2892 sewen-scripto
836 2854 1021 2880 exstructa.
