1872 3372
342 260 422 299 ‘28⁶2
829 259 1052 302 menam
1082 260 1185 302 mn.
1218 261 1291 303 w.

337 364 445 414 spes
460 346 591 395 nulla
616 346 979 414 relinqueretur,
1001 367 1113 399 cum
1139 367 1270 417 reges
1291 351 1415 419 patri
1437 350 1597 400 adhuc
1614 352 1778 400 animo

338 427 458 473 irato
474 434 756 492 perstarent,
771 437 820 475 et
834 427 979 476 Fulco
999 428 1260 477 insolentiae
1275 429 1460 496 spiritu,
1474 445 1643 496 pacem
1660 429 1780 478 mul·

336 504 538 552 tifariam
562 504 788 554 turbaret.
819 508 878 554 Et
901 515 1061 555 tamen
1089 507 1138 556 in
1163 507 1298 557 brevi
1327 509 1555 566 victurus,
1588 506 1780 574 regibus

337 581 516 646 legatos
533 581 709 631 celeres
735 583 877 643 misit,
905 584 988 649 qui
1011 600 1102 651 pro
1126 601 1177 633 se
1200 584 1438 652 supplices
1468 585 1682 634 suasorie
1703 600 1781 634 ro·

338 669 520 724 gerent,
550 669 598 708 et
625 677 715 726 pro
740 660 923 726 injuriis
946 662 1085 711 illatis
1103 662 1415 729 justissimam
1448 664 1459 687 ‘
1494 678 1782 732 recompen-

337 738 573 786 sationem
595 738 906 804 sponderent.
937 742 1035 793 Rex
1058 750 1311 790 veteranus
1337 740 1579 790 malorum
1596 755 1783 790 corree-

339 816 520 863 tionem
551 815 613 864 ab
635 816 798 882 legatis
827 819 1048 885 excipere
1082 819 1273 881 volens,
1313 836 1343 868 a
1365 819 1464 868 filio
1505 818 1783 885 indignante

339 892 568 942 inhibitus
593 904 679 943 est.
706 895 845 944 Unde
869 906 917 944 et
946 895 1211 962 legatorum
1235 897 1567 963 allegationem
1592 897 1783 964 penitus

340 972 533 1037 sprevit,
560 982 702 1038 atque
734 973 840 1021 illos
864 975 1102 1024 immunes
1124 977 1281 1025 redire
1310 977 1481 1041 coegit.
1521 975 1708 1036 Quibus
1731 977 1782 1024 in

341 1051 509 1099 itinere
525 1068 712 1100 moram
723 1053 988 1116 agentibus»,
1008 1064 1265 1120 antequam
1281 1055 1511 1103 redissent
1523 1054 1603 1103 die
1615 1065 1783 1121 quarta

340 1140 462 1177 natae
497 1131 753 1194 synanticae
784 1131 922 1192 facta,
965 1132 1075 1180 Odo
1110 1133 1376 1180 monachus
1405 1133 1555 1180 factus
1591 1132 1780 1193 defecit,

342 1218 486 1272 atque
503 1209 571 1256 sic
589 1210 695 1256 vitae
721 1209 867 1261 finem
889 1210 1081 1271 habuit3
1104 1211 1166 1259 ad
1191 1221 1410 1259 sanctum
1428 1212 1686 1259 Martinum
1707 1211 1805 1272 de-⁴

342 1285 480 1347 latus,
503 1288 616 1335 etin
641 1288 751 1336 loco
769 1288 903 1355 quod
917 1289 1431 1354 Majus-monasterium
1453 1289 1646 1350 dicitur,
1672 1306 1784 1341 cum

342 1365 495 1414 multo
519 1383 720 1416 suorum
741 1367 975 1434 obsequio
994 1368 1223 1436 sepultus.

345 1538 457 1574 XCV.
470 1558 519 1566 —
530 1538 709 1577 Johannes
721 1541 742 1562 ⁵
758 1551 853 1588 papa
869 1540 1022 1575 Leonem
1034 1540 1056 1563 ⁵
1082 1541 1245 1575 abbatem
1266 1540 1333 1575 in*
1355 1540 1488 1576 Gallias
1503 1542 1524 1563 ⁹
1551 1539 1657 1576 mittit
1671 1539 1694 1564 θ
1712 1541 1782 1576 ιιι·

742 1600 881 1638 Aruulfi
902 1599 1193 1636 abdicationem*
1210 1600 1390 1637 dissolvat.

407 1718 498 1763 Per
536 1713 665 1762 idem
704 1724 892 1781 tempus
936 1731 1048 1763 cum
1089 1732 1117 1763 a
1154 1717 1505 1764 Germanorum
1548 1716 1785 1784 episcopis

343 1793 527 1841 domno
561 1793 769 1841 Johanni
798 1783 934 1859 papae
963 1810 1049 1860 per
1074 1794 1297 1860 epistolas
1321 1811 1652 1861 saepenumero
1677 1812 1786 1862 sug-

341 1882 527 1937 gestum
546 1872 683 1930 foret,
704 1881 758 1918 ut
780 1871 998 1920 Gerberti
1023 1874 1282 1922 Remorum
1299 1873 1656 1939 metropolitani
1673 1891 1787 1941 pro-

342 1951 610 1998 motionem
637 1950 897 2011 abdicaret‚
934 1961 982 1999 et
1007 1951 1189 1999 Arnulfi
1230 1951 1583 2000 abdicationem
1615 1961 1787 2018 praeter

338 2029 417 2094 jus
448 2029 619 2077 factam
649 2029 1005 2094 indignaretur,
1039 2046 1067 2077 a
1092 2046 1218 2096 papa
1241 2030 1291 2078 in
1325 2030 1635 2081 Germaniam
1670 2039 1787 2079 tune

342 2108 550 2155 directus
567 2118 639 2155 est
665 2111 760 2156 Leo
786 2108 1052 2156 monachus
1074 2118 1121 2156 et
1145 2108 1311 2169 abbas,
1338 2109 1422 2174 qui
1439 2108 1626 2157 vicibus
1649 2125 1786 2175 papae

340 2187 538 2252 potitus,
563 2204 674 2234 cum
697 2187 933 2253 episcopis
954 2188 1221 2236 Germaniae
1244 2198 1387 2254 atque
1410 2187 1673 2236 Galliarum
1696 2186 1787 2236 hu-

338 2265 416 2329 jus
442 2265 620 2330 negotii
649 2275 697 2312 et
723 2264 998 2330 indaginem
1028 2265 1218 2327 faceret,
1251 2276 1299 2314 et
1329 2265 1557 2330 juditium
1581 2265 1785 2331 diligens

344 2343 458 2391 inde
476 2343 726 2410 proferret.
754 2344 848 2402 Qui
871 2344 1214 2392 humanissime
1237 2343 1298 2392 ab
1317 2345 1552 2411 episcopis
1572 2343 1591 2369 ²
1611 2360 1782 2411 excep·

344 2430 437 2478 tuS‚
475 2422 536 2471 de
569 2421 792 2470 habenda
827 2422 999 2470 sinodo
1035 2440 1180 2488 super
1213 2423 1310 2471 hoc
1346 2422 1540 2489 negotio
1567 2438 1681 2471 cum
1716 2423 1785 2470 eis

343 2499 588 2547 tractabat.
621 2501 656 2547 Α
680 2498 853 2564 quibus
874 2499 1123 2548 Gallorum
1154 2500 1359 2566 regibus,
1393 2501 1584 2567 Hugoni
1616 2499 1786 2550 videli-

393 2663 412 2684 ³¹²
434 2663 617 2698 Johannes
630 2688 639 2705 ,
657 2662 754 2697 Leon
766 2690 776 2706 ,
796 2663 832 2697 in
845 2663 911 2698 Gal
924 2690 934 2707 ,
953 2663 993 2698 tit
1009 2676 1032 2697 ιι
1046 2690 1057 2706 ,
1074 2662 1203 2706 dicati,
1222 2664 1318 2698 solva
1333 2663 1472 2698 abscisa.

393 2721 402 2740 ¹
429 2719 658 2767 aequissimam
673 2732 771 2767 supra
787 2722 897 2767 posito
917 2720 1143 2768 justissimam
1164 2719 1279 2756 codex.

391 2778 406 2798 ⁸
431 2789 461 2811 e.
482 2776 668 2823 germanioe
685 2775 838 2812 deleeum.
