<?xml version="1.0" encoding="UTF-8"?>
<!DOCTYPE html PUBLIC "-//W3C//DTD XHTML 1.0 Transitional//EN"
    "http://www.w3.org/TR/xhtml1/DTD/xhtml1-transitional.dtd">
<html xmlns="http://www.w3.org/1999/xhtml" xml:lang="en" lang="en">
 <head>
  <title>
</title>
<meta http-equiv="Content-Type" content="text/html;charset=utf-8" />
  <meta name='ocr-system' content='tesseract 3.04.00' />
  <meta name='ocr-capabilities' content='ocr_page ocr_carea ocr_par ocr_line ocrx_word'/>
</head>
<body>
  <div class='ocr_page' id='page_1' title='image "./richerhistoirede02richuoft_0114.png"; bbox 0 0 1872 3372; ppageno 0'>
   <div class='ocr_carea' id='block_1_1' title="bbox 354 263 1307 307">
    <p class='ocr_par' dir='ltr' id='par_1_1' title="bbox 354 263 1307 307">
     <span class='ocr_line' id='line_1_1' title="bbox 354 263 1307 307; baseline 0 -1"><span class='ocrx_word' id='word_1_1' title='bbox 354 266 431 306; x_wconf 81' lang='lat'><strong>106</strong></span> <span class='ocrx_word' id='word_1_2' title='bbox 843 263 1063 305; x_wconf 68' lang='lat' dir='ltr'><strong>menam</strong></span> <span class='ocrx_word' id='word_1_3' title='bbox 1098 265 1196 307; x_wconf 74' lang='grc' dir='ltr'><strong>ΗΒ.</strong></span> <span class='ocrx_word' id='word_1_4' title='bbox 1231 265 1307 306; x_wconf 89' lang='grc'><strong>111.</strong></span> 
     </span>
    </p>
   </div>
   <div class='ocr_carea' id='block_1_2' title="bbox 347 352 1796 1125">
    <p class='ocr_par' dir='ltr' id='par_1_2' title="bbox 347 352 1796 1125">
     <span class='ocr_line' id='line_1_2' title="bbox 350 352 1791 420; baseline 0.006 -23"><span class='ocrx_word' id='word_1_5' title='bbox 350 373 374 397; x_wconf 88' lang='lat'>«</span> <span class='ocrx_word' id='word_1_6' title='bbox 405 352 589 413; x_wconf 74' lang='lat' dir='ltr'><strong>dicam,</strong></span> <span class='ocrx_word' id='word_1_7' title='bbox 623 363 670 401; x_wconf 89' lang='lat' dir='ltr'><strong>et</strong></span> <span class='ocrx_word' id='word_1_8' title='bbox 695 352 756 400; x_wconf 88' lang='lat' dir='ltr'><strong>ad</strong></span> <span class='ocrx_word' id='word_1_9' title='bbox 782 363 949 401; x_wconf 91' lang='lat' dir='ltr'><strong>votum</strong></span> <span class='ocrx_word' id='word_1_10' title='bbox 982 353 1098 401; x_wconf 85' lang='lat' dir='ltr'><strong>mihi</strong></span> <span class='ocrx_word' id='word_1_11' title='bbox 1125 353 1226 402; x_wconf 79' lang='lat' dir='ltr'><strong>fieri</strong></span> <span class='ocrx_word' id='word_1_12' title='bbox 1251 353 1299 401; x_wconf 89' lang='lat' dir='ltr'><strong>id</strong></span> <span class='ocrx_word' id='word_1_13' title='bbox 1328 364 1505 420; x_wconf 86' lang='lat' dir='ltr'><strong>petere.</strong></span> <span class='ocrx_word' id='word_1_14' title='bbox 1540 356 1791 420; x_wconf 67' lang='lat' dir='ltr'><strong>nugonem</strong></span> 
     </span>
     <span class='ocr_line' id='line_1_3' title="bbox 351 430 1793 498; baseline 0.005 -21"><span class='ocrx_word' id='word_1_15' title='bbox 351 451 373 477; x_wconf 77' lang='grc' dir='ltr'>α</span> <span class='ocrx_word' id='word_1_16' title='bbox 403 430 577 481; x_wconf 88' lang='lat' dir='ltr'><strong>ducem</strong></span> <span class='ocrx_word' id='word_1_17' title='bbox 594 432 750 479; x_wconf 84' lang='lat' dir='ltr'><strong>sciatis</strong></span> <span class='ocrx_word' id='word_1_18' title='bbox 769 448 848 480; x_wconf 91' lang='lat' dir='ltr'><strong>me</strong></span> <span class='ocrx_word' id='word_1_19' title='bbox 864 431 1094 480; x_wconf 86' lang='lat' dir='ltr'><strong>hactenus</strong></span> <span class='ocrx_word' id='word_1_20' title='bbox 1108 448 1198 498; x_wconf 89' lang='lat' dir='ltr'><strong>pro</strong></span> <span class='ocrx_word' id='word_1_21' title='bbox 1214 433 1371 481; x_wconf 90' lang='lat' dir='ltr'><strong>amico</strong></span> <span class='ocrx_word' id='word_1_22' title='bbox 1391 432 1630 482; x_wconf 81' lang='lat' dir='ltr'><strong>habuisse.</strong></span> <span class='ocrx_word' id='word_1_23' title='bbox 1650 435 1793 484; x_wconf 81' lang='lat' dir='ltr'><strong>Com-</strong></span> 
     </span>
     <span class='ocr_line' id='line_1_4' title="bbox 352 509 1794 578; baseline 0.004 -23"><span class='ocrx_word' id='word_1_24' title='bbox 352 530 377 555; x_wconf 84' lang='lat'>«</span> <span class='ocrx_word' id='word_1_25' title='bbox 405 519 545 578; x_wconf 87' lang='lat' dir='ltr'><strong>perto</strong></span> <span class='ocrx_word' id='word_1_26' title='bbox 575 527 691 558; x_wconf 85' lang='lat' dir='ltr'><strong>vero</strong></span> <span class='ocrx_word' id='word_1_27' title='bbox 716 510 851 575; x_wconf 86' lang='lat' dir='ltr'><strong>quod</strong></span> <span class='ocrx_word' id='word_1_28' title='bbox 876 510 1075 558; x_wconf 86' lang='lat' dir='ltr'><strong>latenter</strong></span> <span class='ocrx_word' id='word_1_29' title='bbox 1100 509 1252 558; x_wconf 85' lang='lat' dir='ltr'><strong>hostis</strong></span> <span class='ocrx_word' id='word_1_30' title='bbox 1278 510 1393 558; x_wconf 89' lang='lat' dir='ltr'><strong>mihi</strong></span> <span class='ocrx_word' id='word_1_31' title='bbox 1422 520 1575 571; x_wconf 84' lang='lat' dir='ltr'><strong>esset,</strong></span> <span class='ocrx_word' id='word_1_32' title='bbox 1605 509 1794 577; x_wconf 81' lang='lat' dir='ltr'><strong>abejus</strong></span> 
     </span>
     <span class='ocr_line' id='line_1_5' title="bbox 350 587 1793 639; baseline 0.004 -7"><span class='ocrx_word' id='word_1_33' title='bbox 350 609 373 634; x_wconf 73' lang='lat' dir='ltr'><strong>a</strong></span> <span class='ocrx_word' id='word_1_34' title='bbox 406 588 717 637; x_wconf 79' lang='lat' dir='ltr'><strong>familiaritate</strong></span> <span class='ocrx_word' id='word_1_35' title='bbox 737 605 814 636; x_wconf 91' lang='lat' dir='ltr'><strong>me</strong></span> <span class='ocrx_word' id='word_1_36' title='bbox 832 588 1138 636; x_wconf 89' lang='lat' dir='ltr'><strong>remotiorem</strong></span> <span class='ocrx_word' id='word_1_37' title='bbox 1155 587 1259 637; x_wconf 85' lang='lat' dir='ltr'><strong>feci.</strong></span> <span class='ocrx_word' id='word_1_38' title='bbox 1283 588 1422 637; x_wconf 87' lang='lat' dir='ltr'>Unde</span> <span class='ocrx_word' id='word_1_39' title='bbox 1442 606 1573 638; x_wconf 89' lang='lat' dir='ltr'><strong>nunc</strong></span> <span class='ocrx_word' id='word_1_40' title='bbox 1592 590 1793 639; x_wconf 83' lang='lat' dir='ltr'><strong>Romam</strong></span> 
     </span>
     <span class='ocr_line' id='line_1_6' title="bbox 351 666 1796 736; baseline 0.005 -25"><span class='ocrx_word' id='word_1_41' title='bbox 351 687 373 712; x_wconf 67' lang='grc' dir='ltr'><strong>«ι</strong></span> <span class='ocrx_word' id='word_1_42' title='bbox 406 668 508 716; x_wconf 85' lang='lat' dir='ltr'><strong>iens</strong></span> <span class='ocrx_word' id='word_1_43' title='bbox 526 704 538 728; x_wconf 90' lang='lat'>,</span> <span class='ocrx_word' id='word_1_44' title='bbox 562 670 793 715; x_wconf 90' lang='lat' dir='ltr'><strong>Ottonem</strong></span> <span class='ocrx_word' id='word_1_45' title='bbox 819 666 957 728; x_wconf 88' lang='lat' dir='ltr'><strong>adiit,</strong></span> <span class='ocrx_word' id='word_1_46' title='bbox 981 668 1029 715; x_wconf 88' lang='lat' dir='ltr'><strong>in</strong></span> <span class='ocrx_word' id='word_1_47' title='bbox 1056 667 1150 715; x_wconf 92' lang='lat' dir='ltr'><strong>mei</strong></span> <span class='ocrx_word' id='word_1_48' title='bbox 1175 667 1546 728; x_wconf 85' lang='lat' dir='ltr'><strong>contumeliam,</strong></span> <span class='ocrx_word' id='word_1_49' title='bbox 1566 669 1796 736; x_wconf 82' lang='lat' dir='ltr'><strong>regnique</strong></span> 
     </span>
     <span class='ocr_line' id='line_1_7' title="bbox 350 745 1793 814; baseline 0.003 -22"><span class='ocrx_word' id='word_1_50' title='bbox 350 766 372 791; x_wconf 92' lang='lat'>«</span> <span class='ocrx_word' id='word_1_51' title='bbox 404 745 561 794; x_wconf 92' lang='lat' dir='ltr'><strong>labem</strong></span> <span class='ocrx_word' id='word_1_52' title='bbox 581 746 624 794; x_wconf 86' lang='lat' dir='ltr'><strong>ei</strong></span> <span class='ocrx_word' id='word_1_53' title='bbox 648 746 910 812; x_wconf 90' lang='lat' dir='ltr'><strong>plurimum</strong></span> <span class='ocrx_word' id='word_1_54' title='bbox 935 762 1264 812; x_wconf 80' lang='lat' dir='ltr'><strong>persuasurus.</strong></span> <span class='ocrx_word' id='word_1_55' title='bbox 1286 749 1591 814; x_wconf 71' lang='lat' dir='ltr'><strong>Quapropter</strong></span> <span class='ocrx_word' id='word_1_56' title='bbox 1605 764 1793 799; x_wconf 85' lang='lat' dir='ltr'><strong>summa</strong></span> 
     </span>
     <span class='ocr_line' id='line_1_8' title="bbox 350 824 1791 890; baseline 0 -19"><span class='ocrx_word' id='word_1_57' title='bbox 350 845 372 869; x_wconf 93' lang='lat'>«</span> <span class='ocrx_word' id='word_1_58' title='bbox 406 841 523 890; x_wconf 87' lang='lat' dir='ltr'><strong>ope,</strong></span> <span class='ocrx_word' id='word_1_59' title='bbox 552 841 744 872; x_wconf 90' lang='lat' dir='ltr'><strong>summo</strong></span> <span class='ocrx_word' id='word_1_60' title='bbox 773 825 966 888; x_wconf 86' lang='lat' dir='ltr'><strong>ingenio</strong></span> <span class='ocrx_word' id='word_1_61' title='bbox 997 824 1203 872; x_wconf 83' lang='lat' dir='ltr'><strong>nitimini</strong></span> <span class='ocrx_word' id='word_1_62' title='bbox 1232 842 1294 873; x_wconf 91' lang='lat' dir='ltr'><strong>ne</strong></span> <span class='ocrx_word' id='word_1_63' title='bbox 1323 825 1510 875; x_wconf 77' lang='lat' dir='ltr'><strong>evadat.</strong></span> <span class='ocrx_word' id='word_1_64' title='bbox 1545 825 1660 875; x_wconf 75' lang='lat' dir='ltr'><strong>Vale</strong></span> <span class='ocrx_word' id='word_1_65' title='bbox 1696 827 1732 874; x_wconf 77' lang='lat'><strong>&#39;.</strong></span> <span class='ocrx_word' id='word_1_66' title='bbox 1767 846 1791 872; x_wconf 71' lang='grc' dir='ltr'><strong>υ</strong></span> 
     </span>
     <span class='ocr_line' id='line_1_9' title="bbox 349 902 1793 971; baseline 0.003 -22"><span class='ocrx_word' id='word_1_67' title='bbox 349 902 684 968; x_wconf 82' lang='lat' dir='ltr'><strong>Exploratores</strong></span> <span class='ocrx_word' id='word_1_68' title='bbox 710 903 869 968; x_wconf 88' lang='lat' dir='ltr'><strong>itaque</strong></span> <span class='ocrx_word' id='word_1_69' title='bbox 897 903 1272 968; x_wconf 83' lang='lat' dir='ltr'><strong>circumquaque</strong></span> <span class='ocrx_word' id='word_1_70' title='bbox 1297 902 1539 969; x_wconf 80' lang='lat' dir='ltr'><strong>dispositi,</strong></span> <span class='ocrx_word' id='word_1_71' title='bbox 1565 918 1653 971; x_wconf 90' lang='lat' dir='ltr'><strong>per</strong></span> <span class='ocrx_word' id='word_1_72' title='bbox 1672 920 1793 971; x_wconf 75' lang='lat' dir='ltr'><strong>prae-</strong></span> 
     </span>
     <span class='ocr_line' id='line_1_10' title="bbox 348 979 1795 1047; baseline 0.002 -20"><span class='ocrx_word' id='word_1_73' title='bbox 348 991 487 1047; x_wconf 86' lang='lat' dir='ltr'><strong>rupta</strong></span> <span class='ocrx_word' id='word_1_74' title='bbox 506 982 747 1029; x_wconf 90' lang='lat' dir='ltr'><strong>montium</strong></span> <span class='ocrx_word' id='word_1_75' title='bbox 765 990 812 1028; x_wconf 90' lang='lat' dir='ltr'><strong>et</strong></span> <span class='ocrx_word' id='word_1_76' title='bbox 836 979 1171 1046; x_wconf 89' lang='lat' dir='ltr'><strong>scopulorum,</strong></span> <span class='ocrx_word' id='word_1_77' title='bbox 1195 997 1280 1047; x_wconf 88' lang='lat' dir='ltr'><strong>per</strong></span> <span class='ocrx_word' id='word_1_78' title='bbox 1299 981 1485 1029; x_wconf 86' lang='lat' dir='ltr'><strong>viarum</strong></span> <span class='ocrx_word' id='word_1_79' title='bbox 1500 981 1671 1042; x_wconf 84' lang='lat' dir='ltr'><strong>exitus,</strong></span> <span class='ocrx_word' id='word_1_80' title='bbox 1692 981 1795 1047; x_wconf 86' lang='lat' dir='ltr'><strong>ejus</strong></span> 
     </span>
     <span class='ocr_line' id='line_1_11' title="bbox 347 1059 1016 1125; baseline -0.001 -19"><span class='ocrx_word' id='word_1_81' title='bbox 347 1059 607 1106; x_wconf 87' lang='lat' dir='ltr'><strong>adventum</strong></span> <span class='ocrx_word' id='word_1_82' title='bbox 627 1059 1016 1125; x_wconf 81' lang='lat' dir='ltr'><strong>opperiebantur.</strong></span> 
     </span>
    </p>
   </div>
   <div class='ocr_carea' id='block_1_3' title="bbox 473 1174 1668 1222">
    <p class='ocr_par' dir='ltr' id='par_1_3' title="bbox 473 1174 1668 1222">
     <span class='ocr_line' id='line_1_12' title="bbox 473 1174 1668 1222; baseline -0.001 -12"><span class='ocrx_word' id='word_1_83' title='bbox 473 1175 698 1210; x_wconf 77' lang='lat' dir='ltr'>LXXXVII.</span> <span class='ocrx_word' id='word_1_84' title='bbox 717 1195 766 1202; x_wconf 91' lang='lat'><strong>—-</strong></span> <span class='ocrx_word' id='word_1_85' title='bbox 787 1177 874 1209; x_wconf 82' lang='lat' dir='ltr'><strong>Item</strong></span> <span class='ocrx_word' id='word_1_86' title='bbox 896 1175 1050 1222; x_wconf 74' lang='lat' dir='ltr'><strong>Epistola</strong></span> <span class='ocrx_word' id='word_1_87' title='bbox 1067 1175 1200 1209; x_wconf 77' lang='lat' dir='ltr'><strong>Emmae</strong></span> <span class='ocrx_word' id='word_1_88' title='bbox 1212 1177 1231 1195; x_wconf 69' lang='lat'><em>⁶</em></span> <span class='ocrx_word' id='word_1_89' title='bbox 1253 1175 1380 1221; x_wconf 67' lang='lat' dir='ltr'><strong>regino</strong></span> <span class='ocrx_word' id='word_1_90' title='bbox 1399 1174 1444 1209; x_wconf 82' lang='lat' dir='ltr'><strong>ad</strong></span> <span class='ocrx_word' id='word_1_91' title='bbox 1471 1183 1620 1211; x_wconf 69' lang='lat' dir='ltr'><strong>matrem</strong></span> <span class='ocrx_word' id='word_1_92' title='bbox 1630 1176 1668 1209; x_wconf 68' lang='lat'><strong>⁵.</strong></span> 
     </span>
    </p>
   </div>
   <div class='ocr_carea' id='block_1_4' title="bbox 343 1267 1797 2649">
    <p class='ocr_par' dir='ltr' id='par_1_4' title="bbox 343 1267 1797 2649">
     <span class='ocr_line' id='line_1_13' title="bbox 413 1267 1794 1332; baseline 0.001 -16"><span class='ocrx_word' id='word_1_93' title='bbox 413 1271 509 1316; x_wconf 90' lang='lat' dir='ltr'><strong>Nec</strong></span> <span class='ocrx_word' id='word_1_94' title='bbox 534 1269 694 1316; x_wconf 90' lang='lat' dir='ltr'><strong>minus</strong></span> <span class='ocrx_word' id='word_1_95' title='bbox 710 1270 878 1315; x_wconf 90' lang='lat' dir='ltr'><strong>Emma</strong></span> <span class='ocrx_word' id='word_1_96' title='bbox 898 1269 1059 1332; x_wconf 87' lang='lat' dir='ltr'><strong>regina</strong></span> <span class='ocrx_word' id='word_1_97' title='bbox 1070 1304 1083 1328; x_wconf 91' lang='lat'>,</span> <span class='ocrx_word' id='word_1_98' title='bbox 1104 1268 1244 1315; x_wconf 89' lang='lat' dir='ltr'><strong>matri</strong></span> <span class='ocrx_word' id='word_1_99' title='bbox 1260 1284 1356 1315; x_wconf 84' lang='lat' dir='ltr'><strong>suae</strong></span> <span class='ocrx_word' id='word_1_100' title='bbox 1378 1268 1426 1315; x_wconf 88' lang='lat' dir='ltr'><strong>in</strong></span> <span class='ocrx_word' id='word_1_101' title='bbox 1442 1267 1575 1316; x_wconf 90' lang='lat' dir='ltr'><strong>hunc</strong></span> <span class='ocrx_word' id='word_1_102' title='bbox 1590 1267 1794 1317; x_wconf 87' lang='lat' dir='ltr'><strong>modum</strong></span> 
     </span>
     <span class='ocr_line' id='line_1_14' title="bbox 347 1345 1797 1415; baseline 0.001 -20"><span class='ocrx_word' id='word_1_103' title='bbox 347 1346 599 1413; x_wconf 88' lang='lat' dir='ltr'><strong>epistolam</strong></span> <span class='ocrx_word' id='word_1_104' title='bbox 625 1346 796 1394; x_wconf 86' lang='lat' dir='ltr'><strong>direxit</strong></span> <span class='ocrx_word' id='word_1_105' title='bbox 816 1364 826 1392; x_wconf 73' lang='grc' dir='ltr'>ε</span> <span class='ocrx_word' id='word_1_106' title='bbox 854 1367 876 1390; x_wconf 87' lang='lat'><strong><em>«</em></strong></span> <span class='ocrx_word' id='word_1_107' title='bbox 901 1345 1113 1394; x_wconf 88' lang='lat' dir='ltr'><strong>Adelaidi</strong></span> <span class='ocrx_word' id='word_1_108' title='bbox 1134 1346 1273 1393; x_wconf 88' lang='lat' dir='ltr'><strong>matri</strong></span> <span class='ocrx_word' id='word_1_109' title='bbox 1292 1346 1583 1412; x_wconf 82' lang='lat' dir='ltr'><strong>imperatrici</strong></span> <span class='ocrx_word' id='word_1_110' title='bbox 1606 1363 1797 1415; x_wconf 80' lang='lat' dir='ltr'><strong>semper</strong></span> 
     </span>
     <span class='ocr_line' id='line_1_15' title="bbox 349 1422 1795 1490; baseline 0.002 -20"><span class='ocrx_word' id='word_1_111' title='bbox 349 1446 371 1470; x_wconf 76' lang='grc' dir='ltr'>α</span> <span class='ocrx_word' id='word_1_112' title='bbox 402 1435 634 1490; x_wconf 69' lang='lat' dir='ltr'><strong>augustae,</strong></span> <span class='ocrx_word' id='word_1_113' title='bbox 673 1427 842 1471; x_wconf 90' lang='lat' dir='ltr'><strong>Emma</strong></span> <span class='ocrx_word' id='word_1_114' title='bbox 880 1427 1174 1471; x_wconf 87' lang='lat' dir='ltr'><strong>Francorum</strong></span> <span class='ocrx_word' id='word_1_115' title='bbox 1206 1424 1370 1489; x_wconf 85' lang='lat' dir='ltr'><strong>regina</strong></span> <span class='ocrx_word' id='word_1_116' title='bbox 1406 1422 1624 1473; x_wconf 78' lang='lat' dir='ltr'><strong>salutem.</strong></span> <span class='ocrx_word' id='word_1_117' title='bbox 1664 1425 1795 1475; x_wconf 84' lang='lat' dir='ltr'><strong>Licet</strong></span> 
     </span>
     <span class='ocr_line' id='line_1_16' title="bbox 348 1503 1795 1562; baseline 0.004 -14"><span class='ocrx_word' id='word_1_118' title='bbox 348 1525 371 1548; x_wconf 72' lang='grc' dir='ltr'><strong><em>κ</em></strong></span> <span class='ocrx_word' id='word_1_119' title='bbox 403 1503 556 1552; x_wconf 89' lang='lat' dir='ltr'><strong>multo</strong></span> <span class='ocrx_word' id='word_1_120' title='bbox 582 1513 816 1551; x_wconf 88' lang='lat' dir='ltr'><strong>terrarum</strong></span> <span class='ocrx_word' id='word_1_121' title='bbox 844 1503 1096 1550; x_wconf 86' lang='lat' dir='ltr'><strong>interstitio</strong></span> <span class='ocrx_word' id='word_1_122' title='bbox 1130 1512 1314 1551; x_wconf 88' lang='lat' dir='ltr'><strong>semota</strong></span> <span class='ocrx_word' id='word_1_123' title='bbox 1332 1539 1344 1562; x_wconf 92' lang='lat'>‚</span> <span class='ocrx_word' id='word_1_124' title='bbox 1386 1512 1544 1551; x_wconf 87' lang='lat' dir='ltr'><strong>tamen</strong></span> <span class='ocrx_word' id='word_1_125' title='bbox 1575 1519 1604 1552; x_wconf 86' lang='lat' dir='ltr'><strong>a</strong></span> <span class='ocrx_word' id='word_1_126' title='bbox 1642 1513 1795 1554; x_wconf 82' lang='lat' dir='ltr'><strong>matre</strong></span> 
     </span>
     <span class='ocr_line' id='line_1_17' title="bbox 349 1580 1794 1647; baseline 0.002 -19"><span class='ocrx_word' id='word_1_127' title='bbox 349 1604 371 1629; x_wconf 79' lang='grc' dir='ltr'>α</span> <span class='ocrx_word' id='word_1_128' title='bbox 402 1582 561 1631; x_wconf 78' lang='lat' dir='ltr'><strong>auxilii</strong></span> <span class='ocrx_word' id='word_1_129' title='bbox 586 1583 823 1630; x_wconf 90' lang='lat' dir='ltr'><strong>rationem</strong></span> <span class='ocrx_word' id='word_1_130' title='bbox 843 1580 938 1629; x_wconf 81' lang='lat' dir='ltr'><strong>filia</strong></span> <span class='ocrx_word' id='word_1_131' title='bbox 957 1591 1086 1647; x_wconf 88' lang='lat' dir='ltr'><strong>peto.</strong></span> <span class='ocrx_word' id='word_1_132' title='bbox 1112 1584 1251 1646; x_wconf 88' lang='lat' dir='ltr'><strong>Hugo</strong></span> <span class='ocrx_word' id='word_1_133' title='bbox 1270 1581 1369 1629; x_wconf 82' lang='lat' dir='ltr'><strong>dux</strong></span> <span class='ocrx_word' id='word_1_134' title='bbox 1389 1581 1573 1630; x_wconf 85' lang='lat' dir='ltr'><strong>insidiis</strong></span> <span class='ocrx_word' id='word_1_135' title='bbox 1591 1599 1692 1631; x_wconf 89' lang='lat' dir='ltr'><strong>non</strong></span> <span class='ocrx_word' id='word_1_136' title='bbox 1717 1599 1794 1631; x_wconf 85' lang='lat' dir='ltr'><strong>so-</strong></span> 
     </span>
     <span class='ocr_line' id='line_1_18' title="bbox 349 1660 1789 1726; baseline 0.003 -20"><span class='ocrx_word' id='word_1_137' title='bbox 349 1682 371 1706; x_wconf 90' lang='lat'>«</span> <span class='ocrx_word' id='word_1_138' title='bbox 402 1661 503 1708; x_wconf 91' lang='lat' dir='ltr'><strong>lum</strong></span> <span class='ocrx_word' id='word_1_139' title='bbox 523 1662 657 1725; x_wconf 87' lang='lat' dir='ltr'><strong>regni</strong></span> <span class='ocrx_word' id='word_1_140' title='bbox 674 1661 825 1708; x_wconf 90' lang='lat' dir='ltr'><strong>nostri</strong></span> <span class='ocrx_word' id='word_1_141' title='bbox 844 1661 1085 1726; x_wconf 90' lang='lat' dir='ltr'><strong>principes</strong></span> <span class='ocrx_word' id='word_1_142' title='bbox 1104 1677 1132 1708; x_wconf 94' lang='lat' dir='ltr'><strong>a</strong></span> <span class='ocrx_word' id='word_1_143' title='bbox 1148 1670 1313 1708; x_wconf 88' lang='lat' dir='ltr'><strong>nostra</strong></span> <span class='ocrx_word' id='word_1_144' title='bbox 1339 1660 1569 1710; x_wconf 79' lang='lat' dir='ltr'><strong>fidelitate</strong></span> <span class='ocrx_word' id='word_1_145' title='bbox 1592 1663 1789 1722; x_wconf 81' lang='lat' dir='ltr'><strong>amovit,</strong></span> 
     </span>
     <span class='ocr_line' id='line_1_19' title="bbox 349 1738 1794 1788; baseline 0.004 -6"><span class='ocrx_word' id='word_1_146' title='bbox 349 1760 370 1783; x_wconf 87' lang='lat'>«</span> <span class='ocrx_word' id='word_1_147' title='bbox 403 1738 488 1786; x_wconf 89' lang='lat' dir='ltr'><strong>sed</strong></span> <span class='ocrx_word' id='word_1_148' title='bbox 507 1748 554 1786; x_wconf 91' lang='lat' dir='ltr'><strong>et</strong></span> <span class='ocrx_word' id='word_1_149' title='bbox 580 1738 771 1785; x_wconf 80' lang='lat' dir='ltr'><strong>fratrem</strong></span> <span class='ocrx_word' id='word_1_150' title='bbox 796 1754 959 1784; x_wconf 88' lang='lat' dir='ltr'><strong>meum</strong></span> <span class='ocrx_word' id='word_1_151' title='bbox 980 1741 1210 1785; x_wconf 91' lang='lat' dir='ltr'><strong>Ottonem</strong></span> <span class='ocrx_word' id='word_1_152' title='bbox 1229 1755 1257 1784; x_wconf 91' lang='lat' dir='ltr'><strong>a</strong></span> <span class='ocrx_word' id='word_1_153' title='bbox 1276 1738 1417 1786; x_wconf 89' lang='lat' dir='ltr'><strong>nobis</strong></span> <span class='ocrx_word' id='word_1_154' title='bbox 1434 1749 1638 1788; x_wconf 88' lang='lat' dir='ltr'><strong>conatur</strong></span> <span class='ocrx_word' id='word_1_155' title='bbox 1661 1755 1794 1788; x_wconf 85' lang='lat' dir='ltr'><strong>aver-</strong></span> 
     </span>
     <span class='ocr_line' id='line_1_20' title="bbox 349 1816 1793 1884; baseline 0.003 -22"><span class='ocrx_word' id='word_1_156' title='bbox 349 1840 371 1862; x_wconf 89' lang='lat'>«</span> <span class='ocrx_word' id='word_1_157' title='bbox 405 1829 531 1876; x_wconf 88' lang='lat' dir='ltr'><strong>tere;</strong></span> <span class='ocrx_word' id='word_1_158' title='bbox 562 1816 692 1864; x_wconf 91' lang='lat' dir='ltr'><strong>unde</strong></span> <span class='ocrx_word' id='word_1_159' title='bbox 716 1827 763 1864; x_wconf 92' lang='lat' dir='ltr'><strong>et</strong></span> <span class='ocrx_word' id='word_1_160' title='bbox 789 1819 991 1863; x_wconf 84' lang='lat' dir='ltr'><strong>Romam</strong></span> <span class='ocrx_word' id='word_1_161' title='bbox 1024 1816 1158 1864; x_wconf 89' lang='lat' dir='ltr'><strong>illum</strong></span> <span class='ocrx_word' id='word_1_162' title='bbox 1191 1816 1323 1864; x_wconf 88' lang='lat' dir='ltr'><strong>adiit.</strong></span> <span class='ocrx_word' id='word_1_163' title='bbox 1362 1820 1429 1865; x_wconf 88' lang='lat' dir='ltr'><strong>Ne</strong></span> <span class='ocrx_word' id='word_1_164' title='bbox 1462 1834 1577 1883; x_wconf 87' lang='lat' dir='ltr'><strong>ergo</strong></span> <span class='ocrx_word' id='word_1_165' title='bbox 1602 1819 1793 1884; x_wconf 88' lang='lat' dir='ltr'><strong>penitus</strong></span> 
     </span>
     <span class='ocr_line' id='line_1_21' title="bbox 349 1894 1790 1961; baseline 0.006 -23"><span class='ocrx_word' id='word_1_166' title='bbox 349 1915 371 1938; x_wconf 88' lang='lat'>«</span> <span class='ocrx_word' id='word_1_167' title='bbox 403 1896 473 1942; x_wconf 92' lang='lat' dir='ltr'><strong>sui</strong></span> <span class='ocrx_word' id='word_1_168' title='bbox 493 1895 593 1942; x_wconf 88' lang='lat' dir='ltr'><strong>voti</strong></span> <span class='ocrx_word' id='word_1_169' title='bbox 609 1910 810 1960; x_wconf 90' lang='lat' dir='ltr'><strong>compos</strong></span> <span class='ocrx_word' id='word_1_170' title='bbox 828 1894 1055 1958; x_wconf 86' lang='lat' dir='ltr'><strong>glorietur</strong></span> <span class='ocrx_word' id='word_1_171' title='bbox 1068 1932 1079 1954; x_wconf 92' lang='lat'>,</span> <span class='ocrx_word' id='word_1_172' title='bbox 1100 1905 1213 1960; x_wconf 86' lang='lat' dir='ltr'><strong>peto</strong></span> <span class='ocrx_word' id='word_1_173' title='bbox 1230 1894 1429 1961; x_wconf 86' lang='lat' dir='ltr'><strong>supplex</strong></span> <span class='ocrx_word' id='word_1_174' title='bbox 1448 1894 1545 1944; x_wconf 83' lang='lat' dir='ltr'><strong>fllia</strong></span> <span class='ocrx_word' id='word_1_175' title='bbox 1568 1906 1790 1958; x_wconf 86' lang='lat' dir='ltr'><strong>matrem,</strong></span> 
     </span>
     <span class='ocr_line' id='line_1_22' title="bbox 349 1971 1792 2038; baseline 0.006 -22"><span class='ocrx_word' id='word_1_176' title='bbox 349 1993 372 2017; x_wconf 76' lang='grc' dir='ltr'>α</span> <span class='ocrx_word' id='word_1_177' title='bbox 404 1983 456 2020; x_wconf 87' lang='lat' dir='ltr'><strong>ut</strong></span> <span class='ocrx_word' id='word_1_178' title='bbox 481 1973 530 2019; x_wconf 91' lang='lat' dir='ltr'><strong>in</strong></span> <span class='ocrx_word' id='word_1_179' title='bbox 550 1971 836 2020; x_wconf 88' lang='lat' dir='ltr'><strong>revertendo</strong></span> <span class='ocrx_word' id='word_1_180' title='bbox 862 1982 1021 2020; x_wconf 89' lang='lat' dir='ltr'><strong>tantus</strong></span> <span class='ocrx_word' id='word_1_181' title='bbox 1039 1973 1189 2020; x_wconf 88' lang='lat' dir='ltr'><strong>hostis</strong></span> <span class='ocrx_word' id='word_1_182' title='bbox 1207 1973 1512 2038; x_wconf 89' lang='lat' dir='ltr'><strong>impediatur.</strong></span> <span class='ocrx_word' id='word_1_183' title='bbox 1541 1976 1602 2023; x_wconf 87' lang='lat' dir='ltr'><strong>Et</strong></span> <span class='ocrx_word' id='word_1_184' title='bbox 1624 1974 1665 2023; x_wconf 88' lang='lat' dir='ltr'><strong>si</strong></span> <span class='ocrx_word' id='word_1_185' title='bbox 1687 1973 1792 2024; x_wconf 83' lang='lat' dir='ltr'><strong>fieri</strong></span> 
     </span>
     <span class='ocr_line' id='line_1_23' title="bbox 349 2051 1787 2117; baseline 0.005 -22"><span class='ocrx_word' id='word_1_186' title='bbox 349 2072 371 2096; x_wconf 78' lang='grc' dir='ltr'>α</span> <span class='ocrx_word' id='word_1_187' title='bbox 401 2061 576 2117; x_wconf 88' lang='lat' dir='ltr'><strong>potest,</strong></span> <span class='ocrx_word' id='word_1_188' title='bbox 606 2061 689 2098; x_wconf 88' lang='lat' dir='ltr'><strong>aut</strong></span> <span class='ocrx_word' id='word_1_189' title='bbox 703 2060 870 2117; x_wconf 86' lang='lat' dir='ltr'><strong>captus</strong></span> <span class='ocrx_word' id='word_1_190' title='bbox 890 2060 1124 2110; x_wconf 77' lang='lat' dir='ltr'><strong>teneatur,</strong></span> <span class='ocrx_word' id='word_1_191' title='bbox 1147 2061 1229 2098; x_wconf 87' lang='lat' dir='ltr'><strong>aut</strong></span> <span class='ocrx_word' id='word_1_192' title='bbox 1253 2052 1464 2117; x_wconf 86' lang='lat' dir='ltr'><strong>impunis</strong></span> <span class='ocrx_word' id='word_1_193' title='bbox 1487 2068 1590 2100; x_wconf 89' lang='lat' dir='ltr'><strong>non</strong></span> <span class='ocrx_word' id='word_1_194' title='bbox 1606 2051 1787 2102; x_wconf 82' lang='lat' dir='ltr'><strong>redeat.</strong></span> 
     </span>
     <span class='ocr_line' id='line_1_24' title="bbox 349 2129 1793 2195; baseline 0.004 -21"><span class='ocrx_word' id='word_1_195' title='bbox 349 2151 372 2174; x_wconf 87' lang='lat'>«</span> <span class='ocrx_word' id='word_1_196' title='bbox 402 2130 496 2178; x_wconf 89' lang='lat' dir='ltr'><strong>Sed</strong></span> <span class='ocrx_word' id='word_1_197' title='bbox 513 2147 575 2178; x_wconf 92' lang='lat' dir='ltr'><strong>ne</strong></span> <span class='ocrx_word' id='word_1_198' title='bbox 592 2147 680 2177; x_wconf 81' lang='lat' dir='ltr'><strong>vos</strong></span> <span class='ocrx_word' id='word_1_199' title='bbox 704 2130 800 2177; x_wconf 90' lang='lat' dir='ltr'><strong>suis</strong></span> <span class='ocrx_word' id='word_1_200' title='bbox 818 2129 943 2177; x_wconf 90' lang='lat' dir='ltr'><strong>dolis</strong></span> <span class='ocrx_word' id='word_1_201' title='bbox 961 2131 1294 2195; x_wconf 87' lang='lat' dir='ltr'><strong>tergiversator</strong></span> <span class='ocrx_word' id='word_1_202' title='bbox 1317 2130 1487 2178; x_wconf 83' lang='lat' dir='ltr'><strong>evadat</strong></span> <span class='ocrx_word' id='word_1_203' title='bbox 1498 2166 1512 2191; x_wconf 90' lang='lat'>‚</span> <span class='ocrx_word' id='word_1_204' title='bbox 1535 2131 1681 2179; x_wconf 88' lang='lat' dir='ltr'><strong>totius</strong></span> <span class='ocrx_word' id='word_1_205' title='bbox 1698 2131 1793 2180; x_wconf 84' lang='lat' dir='ltr'><strong>for·</strong></span> 
     </span>
     <span class='ocr_line' id='line_1_25' title="bbox 348 2207 1792 2274; baseline 0.005 -22"><span class='ocrx_word' id='word_1_206' title='bbox 348 2229 371 2252; x_wconf 89' lang='lat'>«</span> <span class='ocrx_word' id='word_1_207' title='bbox 402 2225 492 2256; x_wconf 87' lang='lat' dir='ltr'><strong>mae</strong></span> <span class='ocrx_word' id='word_1_208' title='bbox 516 2208 640 2255; x_wconf 91' lang='lat' dir='ltr'><strong>illius</strong></span> <span class='ocrx_word' id='word_1_209' title='bbox 665 2208 998 2274; x_wconf 86' lang='lat' dir='ltr'><strong>inseparabilia</strong></span> <span class='ocrx_word' id='word_1_210' title='bbox 1028 2209 1293 2257; x_wconf 89' lang='lat' dir='ltr'><strong>accidentia</strong></span> <span class='ocrx_word' id='word_1_211' title='bbox 1316 2207 1456 2256; x_wconf 82' lang='lat' dir='ltr'><strong>vobis</strong></span> <span class='ocrx_word' id='word_1_212' title='bbox 1480 2208 1681 2258; x_wconf 89' lang='lat' dir='ltr'><strong>indicari</strong></span> <span class='ocrx_word' id='word_1_213' title='bbox 1707 2227 1792 2259; x_wconf 90' lang='lat' dir='ltr'><strong>cu-</strong></span> 
     </span>
     <span class='ocr_line' id='line_1_26' title="bbox 348 2286 1787 2353; baseline 0.003 -22"><span class='ocrx_word' id='word_1_214' title='bbox 348 2307 370 2331; x_wconf 88' lang='lat'>«</span> <span class='ocrx_word' id='word_1_215' title='bbox 401 2287 516 2334; x_wconf 88' lang='lat' dir='ltr'><strong>ravi.</strong></span> <span class='ocrx_word' id='word_1_216' title='bbox 546 2306 568 2330; x_wconf 81' lang='grc'><em>»</em></span> <span class='ocrx_word' id='word_1_217' title='bbox 589 2289 723 2334; x_wconf 89' lang='lat' dir='ltr'><strong>Tunc</strong></span> <span class='ocrx_word' id='word_1_218' title='bbox 740 2298 993 2353; x_wconf 87' lang='lat' dir='ltr'><strong>prosecuta</strong></span> <span class='ocrx_word' id='word_1_219' title='bbox 1007 2286 1278 2347; x_wconf 90' lang='lat' dir='ltr'><strong>oculorum,</strong></span> <span class='ocrx_word' id='word_1_220' title='bbox 1302 2287 1508 2347; x_wconf 86' lang='lat' dir='ltr'><strong>aurium,</strong></span> <span class='ocrx_word' id='word_1_221' title='bbox 1530 2287 1787 2350; x_wconf 85' lang='lat' dir='ltr'><strong>labiorum,</strong></span> 
     </span>
     <span class='ocr_line' id='line_1_27' title="bbox 346 2365 1789 2435; baseline 0.002 -23"><span class='ocrx_word' id='word_1_222' title='bbox 346 2365 564 2413; x_wconf 89' lang='lat' dir='ltr'><strong>dentium</strong></span> <span class='ocrx_word' id='word_1_223' title='bbox 588 2382 783 2430; x_wconf 90' lang='lat' dir='ltr'><strong>quoque</strong></span> <span class='ocrx_word' id='word_1_224' title='bbox 808 2375 856 2412; x_wconf 91' lang='lat' dir='ltr'><strong>et</strong></span> <span class='ocrx_word' id='word_1_225' title='bbox 879 2367 1007 2425; x_wconf 89' lang='lat' dir='ltr'><strong>nasi,</strong></span> <span class='ocrx_word' id='word_1_226' title='bbox 1030 2383 1222 2413; x_wconf 90' lang='lat' dir='ltr'><strong>necnon</strong></span> <span class='ocrx_word' id='word_1_227' title='bbox 1240 2376 1289 2413; x_wconf 91' lang='lat' dir='ltr'><strong>et</strong></span> <span class='ocrx_word' id='word_1_228' title='bbox 1303 2365 1596 2431; x_wconf 88' lang='lat' dir='ltr'><strong>reliquarum</strong></span> <span class='ocrx_word' id='word_1_229' title='bbox 1614 2383 1789 2435; x_wconf 87' lang='lat' dir='ltr'><strong>corpo-</strong></span> 
     </span>
     <span class='ocr_line' id='line_1_28' title="bbox 345 2444 1790 2510; baseline 0.003 -19"><span class='ocrx_word' id='word_1_230' title='bbox 345 2444 409 2491; x_wconf 90' lang='lat' dir='ltr'><strong>ris</strong></span> <span class='ocrx_word' id='word_1_231' title='bbox 427 2444 636 2510; x_wconf 88' lang='lat' dir='ltr'><strong>partium</strong></span> <span class='ocrx_word' id='word_1_232' title='bbox 651 2444 915 2492; x_wconf 84' lang='lat' dir='ltr'><strong>accidentia</strong></span> <span class='ocrx_word' id='word_1_233' title='bbox 926 2481 939 2505; x_wconf 88' lang='lat'>,</span> <span class='ocrx_word' id='word_1_234' title='bbox 956 2444 1215 2492; x_wconf 86' lang='lat' dir='ltr'><strong>verborum</strong></span> <span class='ocrx_word' id='word_1_235' title='bbox 1233 2462 1429 2510; x_wconf 87' lang='lat' dir='ltr'><strong>quoque</strong></span> <span class='ocrx_word' id='word_1_236' title='bbox 1453 2456 1673 2495; x_wconf 89' lang='lat' dir='ltr'><strong>tenorem</strong></span> <span class='ocrx_word' id='word_1_237' title='bbox 1685 2482 1700 2507; x_wconf 88' lang='lat'>,</span> <span class='ocrx_word' id='word_1_238' title='bbox 1721 2447 1790 2496; x_wconf 84' lang='lat' dir='ltr'><strong>sic</strong></span> 
     </span>
     <span class='ocr_line' id='line_1_29' title="bbox 344 2522 1790 2592; baseline 0.003 -22"><span class='ocrx_word' id='word_1_239' title='bbox 344 2524 564 2588; x_wconf 85' lang='lat' dir='ltr'><strong>ignotum</strong></span> <span class='ocrx_word' id='word_1_240' title='bbox 581 2522 841 2571; x_wconf 88' lang='lat' dir='ltr'><strong>declaravit</strong></span> <span class='ocrx_word' id='word_1_241' title='bbox 854 2561 866 2583; x_wconf 90' lang='lat'><strong>‚</strong></span> <span class='ocrx_word' id='word_1_242' title='bbox 889 2534 940 2571; x_wconf 86' lang='lat' dir='ltr'><strong>ut</strong></span> <span class='ocrx_word' id='word_1_243' title='bbox 958 2523 1033 2572; x_wconf 90' lang='lat' dir='ltr'><strong>his</strong></span> <span class='ocrx_word' id='word_1_244' title='bbox 1052 2525 1196 2588; x_wconf 87' lang='lat' dir='ltr'><strong>signis</strong></span> <span class='ocrx_word' id='word_1_245' title='bbox 1221 2523 1463 2590; x_wconf 89' lang='lat' dir='ltr'><strong>detegeret</strong></span> <span class='ocrx_word' id='word_1_246' title='bbox 1487 2534 1631 2590; x_wconf 81' lang='lat' dir='ltr'><strong>atque</strong></span> <span class='ocrx_word' id='word_1_247' title='bbox 1653 2526 1790 2592; x_wconf 83' lang='lat' dir='ltr'><strong>igno·-</strong></span> 
     </span>
     <span class='ocr_line' id='line_1_30' title="bbox 343 2599 828 2649; baseline 0.002 -2"><span class='ocrx_word' id='word_1_248' title='bbox 343 2599 559 2648; x_wconf 88' lang='lat' dir='ltr'><strong>rantibus</strong></span> <span class='ocrx_word' id='word_1_249' title='bbox 582 2601 828 2649; x_wconf 89' lang='lat' dir='ltr'><strong>indicaret.</strong></span> 
     </span>
    </p>
   </div>
   <div class='ocr_carea' id='block_1_5' title="bbox 393 2730 821 2771">
    <p class='ocr_par' dir='ltr' id='par_1_5' title="bbox 393 2730 821 2771">
     <span class='ocr_line' id='line_1_31' title="bbox 393 2730 821 2771; baseline -0.002 -8"><span class='ocrx_word' id='word_1_250' title='bbox 393 2730 409 2750; x_wconf 63' lang='lat'>³</span> <span class='ocrx_word' id='word_1_251' title='bbox 438 2741 538 2763; x_wconf 74' lang='lat' dir='ltr'><strong>mmae-</strong></span> <span class='ocrx_word' id='word_1_252' title='bbox 552 2756 560 2771; x_wconf 88' lang='lat'>‚</span> <span class='ocrx_word' id='word_1_253' title='bbox 578 2738 664 2763; x_wconf 70' lang='lat' dir='ltr'><strong>trem</strong></span> <span class='ocrx_word' id='word_1_254' title='bbox 683 2730 821 2763; x_wconf 70' lang='lat' dir='ltr'><strong>abscisa.</strong></span> 
     </span>
    </p>
   </div>
   <div class='ocr_carea' id='block_1_6' title="bbox 396 2787 544 2832">
    <p class='ocr_par' dir='ltr' id='par_1_6' title="bbox 396 2787 544 2832">
     <span class='ocr_line' id='line_1_32' title="bbox 396 2787 544 2832; baseline 0.034 -5"><span class='ocrx_word' id='word_1_255' title='bbox 396 2796 406 2815; x_wconf 83' lang='lat'>¹</span> <span class='ocrx_word' id='word_1_256' title='bbox 435 2787 544 2832; x_wconf 64' lang='lat' dir='ltr'><strong>vm.</strong></span> 
     </span>
    </p>
   </div>
  </div>
 </body>
</html>
