1872 3372
332 244 408 283 168
813 244 1034 285 RlCHERI
1067 245 1164 286 ΜΒ.
1201 246 1270 285 IV.

607 364 745 399 xvul.
764 385 812 393 -
828 367 982 415 Impetus
1000 370 1017 391 ·
1036 368 1194 416 lingonis
1212 368 1247 403 in
1262 370 1280 390 '
1304 368 1487 403 Karolum.

395 478 511 534 Quae
532 476 650 523 dum
675 487 879 540 aguntur
908 494 1074 542 regum
1108 478 1300 526 auribus
1331 477 1485 526 delata
1517 486 1644 526 sunt.
1673 478 1766 537 Qui

330 552 743 602 vehementissime
777 556 920 616 moti,
963 573 1062 604 non
1097 566 1255 605 tamen
1291 556 1518 623 praecipiti
1558 557 1764 623 impetu,

332 631 433 691 sed,
467 643 519 679 ut
543 633 591 679 in
618 633 842 682 omnibus
866 634 1105 696 solebant,
1135 653 1278 702 super
1304 635 1398 684 hoc
1416 635 1771 701 diligentissime

332 711 745 773 consultaverunt3
768 723 1027 778 utcumque
1052 715 1194 762 etiam
1218 714 1376 762 cordis
1394 714 1612 763 dolorem
1639 712 1773 761 dissi·

332 788 595 837 mulabant.
645 793 843 856 Legatos
890 809 1274 857 quaquaversum
1331 792 1556 858 dirigunt.
1610 790 1774 840 Gallos

334 884 456 931 quos
473 867 586 916 hinc
609 870 848 927 Matrona,
867 870 979 918 inde
995 870 1145 919 abluit
1162 873 1390 918 Garunna
1403 906 1416 931 ,
1438 880 1606 919 contra
1625 870 1770 918 tiran-

335 962 452 991 num
479 946 695 995 invitant.
732 948 916 1006 Quibus
941 949 990 995 in
1011 965 1161 996 unum
1179 948 1355 996 coactis
1379 964 1490 996 cum
1515 947 1774 996 exercitum

336 1022 659 1088 collegissent,
688 1025 1016 1074 deliberabant
1042 1043 1103 1074 an
1124 1026 1293 1074 urbem
1312 1025 1515 1091 aggressi
1534 1041 1778 1092 expugna·

336 1112 443 1150 rent
475 1113 732 1169 antequam
763 1104 824 1152 ab
857 1104 1074 1152 hostibus
1103 1104 1415 1171 amplioribus
1439 1103 1590 1170 copiis
1621 1102 1778 1163 muni·

338 1189 483 1241 retur,
512 1191 559 1228 et
577 1193 842 1248 expugnata
867 1183 1108 1230 tirannum
1133 1182 1473 1242 confoderent;
1501 1197 1561 1229 eo
1585 1179 1720 1246 quod
1736 1175 1778 1228 si
1814 1223 1819 1230 .

340 1258 378 1304 is
424 1258 730 1308 solummodo
772 1272 937 1326 captus
978 1271 1061 1309 aut
1108 1262 1290 1308 occisus
1333 1260 1480 1320 foret,
1522 1275 1638 1308 mox
1676 1274 1779 1307 sese

341 1353 542 1402 regnum
567 1339 725 1402 quiete
748 1338 995 1387 habituros
1011 1376 1023 1399 ,
1059 1356 1119 1387 an
1151 1356 1262 1387 eum
1288 1337 1610 1387 benivolentia
1637 1336 1780 1385 susci-

341 1424 510 1480 perent
531 1415 823 1482 supplicem,
852 1417 891 1464 si
927 1416 1048 1464 forte
1072 1417 1112 1463 is
1136 1433 1186 1463 se
1215 1416 1479 1483 supplicem
1512 1413 1777 1474 conferret,

345 1503 392 1541 et
415 1493 547 1541 dono
564 1510 730 1559 regum
747 1512 797 1542 se
814 1512 956 1561 posse
975 1507 1135 1543 tenere
1153 1513 1228 1543 res
1243 1511 1465 1562 pervasas
1483 1503 1777 1560 exposceret.

344 1574 401 1619 At
425 1572 508 1636 qui
532 1573 724 1620 acrioris
742 1574 887 1620 animi
913 1583 960 1621 et
983 1573 1316 1621 constantioris
1338 1572 1495 1632 fuere,
1523 1570 1783 1620 censebant

345 1648 446 1696 fore
470 1648 711 1697 obsidioni
729 1651 1130 1711 incombendum,
1156 1651 1318 1698 hostes
1336 1649 1575 1715 urgendos
1590 1685 1604 1710 ,
1631 1649 1783 1714 regio·

345 1743 458 1775 nem
483 1729 624 1775 etiam
651 1746 796 1794 quam
822 1741 1126 1795 pervaserant
1155 1731 1262 1795 igne
1287 1730 1476 1795 penitus
1500 1743 1786 1776 consumen-

346 1805 475 1853 dam.
505 1806 724 1854 Collectis
749 1809 906 1872 itaque
932 1826 1009 1856 sex
1036 1807 1226 1855 milibus
1251 1808 1466 1872 equitum
1482 1842 1495 1867 ‚
1518 1806 1568 1853 in
1594 1805 1784 1853 hostem

347 1884 544 1932 vadunt.
567 1888 799 1951 Tempore
825 1897 1000 1934 statuto
1022 1886 1187 1935 urbem
1206 1896 1463 1952 appetunt3
1485 1883 1784 1933 obsidionem

349 1961 640 2027 disponunt,
668 1964 926 2028 castrisque
956 1964 1061 2011 loca
1092 1964 1284 2023 metati,
1323 1963 1457 2010 fossis
1475 1971 1523 2010 et
1540 1958 1789 2027 aggeribus

351 2039 541 2087 vallant.

1021 2130 1121 2164 XIX.

419 2223 510 2271 Ubi
547 2241 662 2272 cum
700 2224 868 2272 diebus
909 2225 1068 2272 multis
1101 2224 1388 2283 resederint,
1435 2222 1553 2270 nihil
1583 2222 1787 2281 virium,

351 2302 471 2350 nihil
502 2303 821 2350 damnationis
853 2303 903 2350 in
929 2302 1090 2350 hostes
1120 2319 1311 2350 exerere
1334 2300 1616 2361 valuerunt;
1654 2309 1788 2348 tanta

352 2382 609 2430 eminentia
649 2392 695 2430 et
729 2381 930 2430 laterum
966 2381 1235 2445 objectione
1275 2379 1388 2427 urbs
1411 2376 1792 2445 inexpugnabilis

351 2472 468 2511 erat.
491 2462 603 2509 Dies
627 2462 769 2509 etiam
787 2459 1081 2508 autumnales
1104 2459 1324 2507 breviore
1342 2457 1521 2506 circulo
1539 2456 1695 2518 ducti,
1715 2455 1791 2504 his

353 2541 583 2590 exercitiis
624 2557 724 2587 non
765 2538 1074 2587 sufficiebant.
1122 2542 1293 2585 Noctes
1335 2554 1529 2602 quoque
1565 2534 1788 2602 prolixae,

354 2619 505 2668 multo
531 2619 605 2668 sui
629 2628 844 2683 tempore
878 2617 1040 2683 vigiles
1071 2616 1352 2665 afficiebant.
1384 2615 1523 2663 Unde
1551 2631 1662 2662 cum
1698 2612 1795 2680 pri-

401 2759 421 2781 *
446 2759 485 2802 1,
506 2758 541 2793 in
560 2757 698 2791 abscisa.
