1872 3372
349 251 431 292 260
824 247 951 289 men
958 246 1047 289 Em
1078 247 1180 289 ΗΒ.
1215 249 1287 289 lv.

347 348 553 386 castrum
583 352 612 385 a
639 335 735 384 suis
764 352 904 403 posse
930 346 1098 385 contra
1131 336 1292 386 hostes
1330 337 1546 398 defendi,
1591 338 1784 389 insidias

344 417 604 484 piratarum
630 414 969 481 aliquantisper
999 425 1241 482 suspectas
1266 415 1466 464 habens.
1504 418 1632 465 Dum
1669 433 1783 483 ergo

343 493 516 542 herens
540 492 603 540 de
623 501 795 541 eventu
821 502 1035 551 nutaret,
1061 491 1238 541 affuere
1262 493 1440 553 nuntii,
1469 493 1553 559 qui
1576 502 1783 543 castrum

343 582 559 638 captum,
584 586 791 636 suosque
810 569 1186 635 comprehensos
1201 581 1249 620 et
1274 572 1478 620 inermes
1499 571 1649 621 factos
1666 588 1786 622 asse-

341 659 516 697 rerent.
557 651 668 706 Quo
700 647 892 708 audito,
927 648 1185 696 exercitum
1216 664 1317 697 non
1353 666 1492 715 aequo
1526 649 1691 698 animo
1720 649 1782 698 ad

339 744 425 774 sua
450 726 665 773 dimovit.
695 726 783 773 Cui
814 741 925 773 cum
953 741 981 772 a
1013 725 1224 790 querulis
1253 726 1541 792 quibusdam
1569 725 1785 776 intende-

339 815 485 864 retur,
510 814 709 871 propter
732 821 843 852 eum
872 804 1028 852 virum
1056 804 1357 853 consularem
1379 806 1390 830 ⁸
1425 804 1686 872 suspendio
1713 806 1784 854 in·

339 885 528 943 terisse‚
563 882 673 930 Odo
710 882 1012 948 respondisse
1042 881 1216 944 fertur,
1249 900 1352 932 sese
1390 883 1595 952 amplius
1628 883 1782 933 lesum

338 978 536 1010 suorum
560 960 992 1027 comprehensione
1006 996 1020 1021 ,
1048 977 1194 1027 quam
1218 960 1479 1027 proditoris
1501 961 1778 1028 suspendio.

484 1123 653 1158 LXXIX.
671 1142 720 1149 —
737 1121 828 1157 Rixa
843 1121 865 1145 ¹*
883 1120 1022 1157 odonis
1040 1129 1077 1157 et
1091 1121 1287 1158 Fulconis⁸
1307 1120 1353 1157 de
1370 1120 1567 1157 Brittannia
1581 1121 1617 1156 ⁸.

402 1239 497 1283 Nec
517 1233 669 1281 multo
701 1242 810 1299 post
838 1231 963 1279 bella
993 1231 1151 1279 civilia
1183 1240 1403 1297 reparata
1428 1240 1561 1279 sunt.
1590 1232 1785 1280 Etenim·

336 1313 480 1361 Fulco
505 1313 587 1377 qui
614 1327 780 1375 regum
803 1309 1017 1376 partibus
1042 1308 1258 1369 favebat,
1287 1309 1547 1357 exercitum
1570 1309 1620 1356 in
1646 1309 1778 1358 Odo-

334 1409 448 1441 nem
465 1390 678 1458 parabat,
699 1390 980 1455 quaesiturus
996 1388 1058 1436 ab
1076 1404 1134 1436 eo
1149 1388 1400 1436 Britanniae
1414 1398 1617 1454 partem,
1634 1404 1780 1454 quam

334 1487 436 1518 non
470 1468 622 1517 multo
650 1478 759 1515 ante
791 1468 834 1514 ei
867 1466 1140 1514 abstulerat.
1170 1466 1370 1531 Collegit
1388 1467 1547 1532 itaque
1572 1476 1781 1533 quatuor

336 1548 466 1595 milia
478 1584 490 1608 ,
513 1548 596 1611 qui
615 1562 715 1593 non
733 1544 1005 1591 comminus
1022 1544 1334 1610 confligerent
1346 1580 1359 1606 ,
1379 1561 1439 1593 eo
1457 1544 1592 1611 quod
1609 1561 1778 1593 eorum

335 1627 458 1674 vires
481 1625 665 1672 Odonis
689 1623 912 1689 potentiae
935 1636 1036 1670 non
1056 1621 1327 1671 sufficerent
1343 1659 1356 1683 ‚
1375 1622 1462 1671 sed
1485 1622 1588 1688 ejus
1603 1632 1778 1671 terram

336 1703 568 1753 incendiis
593 1713 639 1751 et
662 1702 840 1768 rapinis
859 1699 1118 1749 afficerent.
1150 1703 1210 1748 Et
1233 1701 1399 1749 tandiu
1428 1701 1478 1750 id
1506 1701 1779 1750 faciendum

335 1781 668 1841 arbitrabatur,
691 1781 847 1828 donec
872 1779 983 1827 Odo
1008 1789 1091 1828 aut
1112 1779 1243 1828 tedio
1260 1780 1414 1829 victus
1431 1779 1677 1841 redderet,
1698 1790 1781 1829 aut

337 1877 426 1927 pro
451 1876 508 1906 ea
533 1858 674 1906 aliam
696 1873 796 1904 non
821 1857 1039 1923 inparem
1062 1857 1299 1905 conferret
1317 1856 1357 1903 ².
1385 1860 1588 1923 Preceps
1620 1857 1780 1922 itaque

338 1937 502 1995 fertur,
551 1945 823 1999 terramque
868 1932 1065 1999 praedis,
1117 1933 1381 1995 manubiiS‚
1432 1932 1779 1982 combustioni·

336 2014 522 2078 busque
540 2013 694 2060 affecit
713 2012 729 2037 ³
741 2049 751 2059 .
775 2014 834 2059 Et
850 2028 961 2059 cum
985 2011 1115 2077 apud
1134 2012 1323 2059 Blesum
1338 2011 1354 2036 ⁴
1376 2011 1482 2060 loca
1504 2009 1781 2059 suburbana

338 2091 649 2140 succenderet
666 2127 680 2150 ,
703 2089 934 2137 incendiis
950 2106 1067 2137 aura
1085 2089 1229 2137 flante
1242 2089 1616 2154 circumquaque
1625 2103 1780 2136 erum-

337 2172 561 2240 pentibus
573 2206 586 2231 ,
606 2171 656 2218 in
670 2170 946 2218 coenobium
964 2170 1315 2218 monachorum
1330 2170 1481 2218 sancti
1493 2168 1780 2217 confessoris

339 2248 625 2298 Laudomari
654 2247 774 2311 ignis
802 2247 1037 2312 plurimus
1069 2247 1299 2307 evolavit3
1334 2245 1469 2312 quod
1498 2261 1612 2294 mox
1645 2261 1778 2292 com·

337 2327 533 2375 bustum
560 2324 773 2372 dirutum
810 2323 923 2384 fuit;
959 2323 1055 2371 cibi
1087 2340 1282 2389 quoque
1312 2322 1600 2389 consumpti.
1640 2321 1779 2369 Unde

340 2421 430 2454 nec
464 2402 817 2453 monachorum
849 2402 1068 2467 migratio
1102 2402 1267 2451 defuit.
1307 2405 1390 2450 His
1420 2401 1677 2468 exemptis,
1724 2399 1776 2448 in

385 2551 406 2570 ¹
430 2561 452 2584 a
464 2574 475 2592 ,
494 2547 679 2590 Falconis,
698 2553 758 2581 tan
773 2544 915 2581 abscisa.

386 2614 397 2632 ⁸
424 2601 488 2647 Ῠῑ]
506 2608 622 2644 code-t.

381 2669 397 2689 ³
421 2665 584 2703 redderet
599 2677 684 2700 corr.
703 2663 889 2699 conferret.

383 2725 400 2746 ⁸
423 2721 575 2772 percutit
590 2733 675 2757 corr.
692 2720 823 2755 affecit.

385 2781 401 2802 ⁴
425 2781 461 2816 b.
479 2786 631 2814 cam-um
655 2776 806 2811 deletum.
