1872 3372
403 294 476 335 115⁴
886 293 1103 334 mmmm
1137 294 1235 335 1218.
1272 295 1336 333 lv.

607 429 691 464 XV!
721 449 769 457 —
783 430 940 474 Qualiter
961 431 1111 465 karolus
1133 430 1344 466 Laud-mum
1364 431 1534 477 ingre-su·
1551 431 1607 466 tit.

455 544 562 588 Mox
580 542 721 588 etiam
735 540 864 588 urbis
888 540 1224 606 proditionem,
1247 543 1286 589 si
1302 541 1501 589 Karolus
1519 542 1676 591 veniat
1692 540 1828 610 polli-

389 631 573 677 centur,
620 630 667 667 et
702 620 740 666 si
776 621 873 667 eis‘
926 636 1010 667 sua
1052 618 1282 679 dimittat,
1322 631 1370 669 et
1406 621 1600 687 insuper
1635 632 1820 687 augeat.

390 699 735 765 Exploratores,
763 708 904 765 pacto
934 698 1239 745 sacramentis
1267 696 1455 747 firmato
1474 735 1487 759 ,
1519 698 1618 746 liaec
1651 699 1824 748 Karolo

387 787 645 843 reportant.
674 776 754 824 1118
784 794 896 823 mox
919 777 1031 835 suiS,
1066 793 1188 841 quos
1212 778 1456 842 superiore
1480 778 1825 843 conquestione

386 856 688 914 excitaverat,
727 854 822 901 hoc
868 853 1144 901 mandatum
1186 869 1386 920 aperuit.
1433 856 1527 914 Qui
1572 856 1824 905 unanimes

383 942 624 998 oportuno
644 942 859 997 tempore
883 931 1085 990 collecti,
1108 932 1151 979 ei
1173 948 1276 979 sese
1294 931 1527 980 obtulere.
1555 931 1655 993 me,
1673 935 1824 1002 copiis

382 1011 659 1075 assumptis,
691 1009 976 1056 Laudunum
1002 1008 1118 1055 dum
1145 1009 1215 1055 sol
1246 1008 1486 1057 occideret
1516 1010 1822 1076 tempestivus

380 1087 600 1146 advenit,
623 1086 844 1150 misitque
872 1084 1194 1150 exploratores
1212 1085 1273 1133 ad
1305 1085 1588 1151 transfugas,
1624 1097 1677 1137 ut
1704 1088 1822 1157 quid

378 1175 501 1212 esset
519 1164 757 1230 agendum
788 1163 1031 1212 referrent.
1062 1163 1290 1212 Latebant
1322 1163 1481 1229 itaque
1513 1165 1637 1213 inter
1661 1165 1822 1215 vinea-

377 1262 484 1292 rum
503 1244 697 1292 dumeta
729 1254 776 1291 et
809 1260 970 1308 sepes,
1007 1243 1158 1308 parati
1185 1242 1354 1291 urbem
1372 1242 1556 1309 ingredi
1572 1245 1612 1292 si
1629 1244 1824 1295 fortuna‘

379 1323 671 1382 admitteret,
695 1332 742 1369 et
760 1323 903 1369 armis
926 1321 1101 1380 obniti,
1123 1323 1161 1369 si
1194 1332 1391 1369 eventus
1420 1321 1471 1369 id
1499 1322 1702 1372 afferret.
1723 1325 1817 1383 Qui

377 1400 504 1447 missi
527 1399 711 1447 fuerant
735 1398 796 1446 ad
821 1398 1035 1457 iusidias,
1058 1415 1144 1464 per
1175 1397 1282 1445 loca
1310 1399 1565 1447 constituta
1597 1410 1645 1448 et
1676 1410 1812 1460 nota,

376 1477 699 1544 proditoribus
725 1487 1006 1536 occurrunt,
1031 1487 1078 1523 et
1108 1476 1335 1524 Karolum
1364 1494 1475 1524 cum
1507 1477 1659 1526 multo
1684 1481 1815 1544 equi-

375 1567 473 1604 tatu
513 1555 760 1603 advenisse
798 1556 1032 1602 nuntiant.
1076 1554 1347 1603 Proditores
1383 1557 1562 1620 gavisi,
1601 1557 1817 1624 explora-

372 1646 500 1683 tores
519 1635 788 1692 remittunt,
811 1644 858 1681 et
877 1633 1050 1680 Karolo
1069 1634 1164 1680 cito
1179 1632 1344 1680 adesse
1361 1633 1607 1683 mandant.
1631 1635 1816 1695 Quibus

373 1714 598 1779 cognitis,
636 1712 836 1759 Karolus
866 1728 976 1759 cum
1012 1712 1109 1759 suis
1145 1727 1232 1777 per
1264 1712 1440 1759 montis
1473 1711 1654 1761 devexa
1686 1713 1817 1763 urbis

372 1802 560 1858 portam
586 1807 828 1856 aggressus
844 1792 934 1837 est.
963 1790 1056 1837 Sed
1075 1789 1237 1855 vigiles
1256 1807 1367 1837 cum
1383 1807 1440 1837 ex
1459 1790 1649 1840 fremitu
1667 1808 1816 1859 equo-

372 1888 479 1917 rum
505 1880 553 1918 et
582 1869 739 1934 aliqua
763 1868 1008 1916 collisione
1039 1885 1284 1916 armorum
1311 1868 1495 1934 aliquos
1521 1869 1686 1920 adesse
1708 1888 1816 1938 per-

371 1950 622 2008 sentirent,
656 1958 703 1996 et
736 1948 932 2012 quinam
958 1958 1114 1995 essent
1138 1964 1166 1995 a
1185 1964 1325 1995 muro
1344 1947 1678 2010 inclamarent,
1697 1949 1816 2017 lapi·

370 2028 606 2092 dibusque
625 2027 761 2090 jactis
787 2036 1010 2090 urgerent
1026 2062 1038 2084 ‚
1066 2025 1336 2092 proditores
1361 2043 1473 2074 mox
1496 2026 1681 2092 aliquos
1711 2045 1815 2078 esse

372 2105 434 2152 de
473 2104 655 2152 civibus
696 2103 1063 2168 responderunt.
1115 2106 1224 2161 Quo
1265 2114 1542 2151 commento
1576 2106 1813 2171 corruptis

371 2181 612 2246 vigilibus,
647 2182 905 2228 introrsum
938 2191 1127 2245 portam
1144 2191 1459 2246 aperuerunt,
1497 2192 1639 2247 atque
1674 2199 1809 2232 exer—

372 2261 519 2307 citum
557 2260 659 2324 ipso
683 2258 963 2325 crepusculo
994 2269 1299 2325 exceperunt.
1327 2263 1439 2308 Mox
1470 2262 1702 2310 exercitus
1733 2279 1812 2310 ur-

371 2338 483 2385 bem
520 2337 747 2402 implevit.
779 2340 930 2384 Portae
963 2338 1104 2385 etiam
1135 2354 1196 2384 ne
1220 2340 1326 2402 quis
1351 2338 1616 2404 aufugeret,
1643 2350 1811 2388 custo-

372 2416 512 2463 dibus
535 2415 773 2475 adhibitis,
800 2433 1007 2481 pervasae
1035 2426 1160 2462 sunt.
1187 2416 1271 2463 Alii
1301 2417 1460 2482 itaque
1488 2417 1811 2483 personabant

371 2493 580 2553 bucinis,
617 2493 695 2540 alii
727 2493 926 2540 vocibus
957 2493 1244 2553 fremebant,
1274 2494 1350 2542 alii
1377 2512 1622 2543 armorum
1649 2497 1808 2545 sonitu

373 2570 798 2618 tumultuabantur.
824 2570 959 2618 Unde
983 2570 1108 2618 cives
1133 2573 1300 2631 territi,
1324 2583 1489 2639 utpote
1518 2574 1602 2639 qui
1624 2575 1810 2639 ignora-

371 2648 488 2696 bant
519 2648 635 2713 quid
659 2659 808 2708 esset,
846 2659 892 2696 et
920 2649 980 2696 (18
1005 2650 1228 2698 domibus
1260 2651 1560 2714 ebullientes,
1587 2652 1807 2718 profugio

424 2808 435 2828 ¹
458 2821 490 2843 e.
508 2809 602 2858 buna
622 2822 650 2843 s.
670 2809 821 2844 deletum.
