1890 3380
390 253 443 291 42
874 248 1095 289 mmmm
1127 248 1227 289 LIB.
1261 248 1339 288 ΙΙΙ.

611 378 823 414 xxxvlu.
843 396 891 405 —
907 377 958 411 D·
971 377 990 397 ⁴⁸
1012 375 1191 424 superfluo
1211 378 1230 400 ⁸
1253 376 1400 413 vestium
1418 379 1436 399 ⁶
1462 376 1592 412 colore.

457 501 482 527 «
514 481 642 541 Quid
673 498 789 529 vero
817 480 878 528 de
910 478 1072 527 colore
1101 479 1336 528 vestium?
1363 480 1500 529 Unde
1525 488 1712 528 tantum
1741 479 1825 530 de-

390 560 567 626 «cepti
600 568 739 619 sunt,
779 568 832 605 ut
868 557 1107 623 dignitatis
1144 558 1311 606 merita
1349 557 1592 607 coloribus
1634 573 1826 624 compa-

390 658 413 682 «
443 649 565 686 rent.
606 640 722 684 Nam
754 636 843 683 nisi
880 636 1039 683 tunica
1076 636 1212 701 nigro
1247 634 1409 685 colore
1436 636 1628 698 deceat,
1663 651 1721 685 ea
1753 636 1824 684 in·

390 736 412 760 «
443 715 526 763 dui
560 714 692 762 nullo
724 713 873 761 modo
901 712 1071 781 placet.
1110 713 1254 772 Quod
1282 714 1321 761 si
1351 714 1495 762 etiam
1523 715 1661 781 nigro
1688 713 1824 762 albus

389 814 413 838 «
444 792 646 841 laneficii
678 809 824 859 opere
856 793 1156 841 intermixtus
1180 793 1255 853 sit,
1276 792 1355 841 hic
1380 809 1574 859 quoque
1597 792 1703 843 talis
1725 809 1825 842 ves·
1856 824 1858 826 v

389 892 412 916 «
443 882 540 919 tem
576 871 809 935 abjectam
853 870 976 918 facit.
1018 870 1191 918 Fulvus
1227 887 1422 937 quoque
1462 870 1696 935 abjicitur.
1726 873 1824 920 Nec

389 969 411 993 «
442 950 599 997 minus
628 949 761 1013 niger
787 949 996 1008 nativus,
1031 964 1130 996 non
1155 948 1351 1010 sufficit,
1387 949 1478 997 nisi
1515 949 1659 997 etiam
1686 950 1833 998 oorti·'

387 1047 410 1071 «
439 1044 550 1075 cum
581 1026 817 1074 inficiatur
841 1027 1007 1074 succis.
1038 1029 1189 1091 Atque
1212 1026 1312 1075 haec
1336 1026 1397 1074 de
1422 1024 1646 1074 vestibus.
1680 1045 1704 1070 ι)

557 1162 731 1197 XXXIX.
753 1181 802 1189 —
819 1163 871 1197 De
887 1162 930 1185 ⁴¹*
953 1163 1261 1197 calciamentorum
1273 1163 1315 1184 Ἠ·
1332 1161 1570 1209 mperfluitnte
1585 1162 1643 1196 ’ἢ

453 1276 476 1302 «
505 1260 577 1304 De
607 1256 1030 1304 calciamentorum
1061 1273 1176 1304 vero
1207 1257 1532 1322 superfluitate
1560 1258 1678 1323 quid
1708 1258 1824 1306 refe*

387 1355 409 1380 «
440 1334 575 1382 ram?
609 1337 813 1381 Tantum
845 1334 975 1381 enim
1003 1334 1051 1381 in
1083 1334 1157 1381 his
1202 1335 1478 1395 insaniunt,
1524 1345 1578 1383 ut
1612 1352 1824 1384 commo·

386 1433 410 1458 «
439 1412 636 1460 ditatem
667 1411 757 1459 sibi
790 1411 1045 1477 plurimam
1069 1428 1156 1477 per
1180 1427 1236 1459 ea
1263 1412 1492 1461 auferant.
1523 1414 1591 1461 Ea
1613 1414 1744 1462 enim
1758 1415 1824 1463 sic

387 1511 410 1536 «
439 1501 540 1539 arta
568 1489 800 1550 induunt,
833 1500 886 1537 ut
915 1490 1091 1556 cippati
1121 1506 1245 1556 pene
1276 1489 1612 1556 impediantur.
1641 1494 1697 1539 In
1724 1493 1826 1558 qui·

389 1589 411 1615 α
441 1568 533 1616 bus
556 1568 699 1616 etiam
724 1578 876 1615 rostra
899 1578 1228 1635 componunt;
1266 1584 1404 1616 aures
1434 1567 1548 1616 hinc
1586 1568 1702 1617 inde
1738 1570 1824 1617 eri·

387 1667 410 1692 α
441 1656 580 1713 gunt3
609 1656 656 1694 et
679 1662 742 1693 ne
772 1645 966 1694 folleant
993 1662 1168 1710 magno
1203 1662 1348 1712 opere
1373 1644 1637 1694 elaborant.
1667 1649 1731 1696 Ut
1757 1646 1824 1695 lu·

388 1746 411 1770 «
441 1734 580 1774 ceant
602 1741 822 1790 quoque,
852 1724 1039 1772 famulis
1063 1725 1264 1772 consciis
1295 1723 1529 1772 indicunt.
1567 1742 1592 1768 η

620 1862 698 1897 XL.
718 1881 767 1888 —
777 1862 829 1896 De
846 1860 913 1885 *θ’
929 1861 1044 1896 linteis
1059 1869 1094 1895 et
1115 1861 1282 1915 operibus
1294 1861 1360 1884 *¹⁵*
1381 1859 1579 1909 superfluis.

454 1982 477 2007 α
514 1966 584 2010 An
610 1963 755 2011 lintea
789 1978 992 2028 operosa
1023 1971 1165 2026 atque
1200 1960 1397 2027 pellicea
1426 1961 1724 2028 operimenta
1759 1961 1822 2010 si·

390 2060 412 2085 «
442 2040 598 2088 leam?
631 2043 771 2100 Cum,
800 2041 1020 2105 inquam,
1050 2056 1077 2086 a
1102 2038 1362 2103 majoribus
1384 2038 1647 2088 clementiae
1674 2040 1823 2105 gratia

389 2137 412 2163 α
441 2117 652 2184 prolenis
676 2118 810 2165 indui
835 2117 1038 2184 pellibus
1065 2117 1386 2165 mediocribus
1421 2134 1702 2166 concessum
1732 2118 1792 2165 sit
1806 2153 1819 2178 ‚

390 2215 412 2240 α
442 2196 610 2244 vitium
634 2196 968 2262 superfluitatis
995 2196 1197 2262 irrepsit.
1229 2196 1367 2244 Unde
1393 2206 1440 2244 et
1464 2212 1595 2244 nunc
1617 2197 1824 2262 peregri-

390 2293 413 2319 «
441 2275 514 2322 nis
537 2275 845 2340 operimentis
868 2274 1042 2322 limbos
1067 2273 1302 2340 bipalmos
1332 2273 1722 2335 circumducunt,
1756 2284 1825 2323 at-

391 2371 415 2397 «
442 2369 536 2417 que
571 2354 742 2418 pannis
777 2354 953 2400 noricis
994 2369 1048 2400 ea
1095 2353 1300 2419 desuper
1343 2352 1603 2418 duplicant.
1651 2353 1825 2401 Linteis

391 2450 414 2474 «
443 2446 558 2478 vero
599 2447 687 2496 pro
719 2431 935 2495 stragulis
960 2431 1156 2478 minime
1181 2431 1249 2477 uti
1267 2446 1546 2478 concessum
1571 2439 1665 2491 est;
1692 2429 1779 2478 sed
1794 2446 1823 2478 a

391 2527 414 2552 «
443 2507 732 2572 quibusdam
780 2509 939 2556 minus
981 2509 1235 2574 religiosis,
1271 2510 1448 2557 caeteris
1487 2508 1738 2576 superfluis
1771 2507 1822 2556 id

434 2644 455 2666 ⁹
480 2643 552 2686 De,
569 2656 586 2678 ε
599 2669 610 2687 ,
627 2651 701 2678 vest
717 2643 857 2678 abscisa.

434 2698 478 2721 *³
501 2699 554 2733 De
569 2710 610 2734 ca
623 2726 633 2742 ,
659 2708 776 2734 torum
787 2699 884 2743 ,'tate
900 2700 1038 2735 abscisa.

436 2755 499 2777 ”¹⁸
526 2755 577 2789 De
591 2755 622 2798 l,
646 2756 695 2789 bu
711 2755 849 2790 abscisa.
