1872 3372
384 251 458 291 144
873 250 1091 292 mellum
1126 251 1225 292 ΗΒ.
1260 251 1330 291 lv.

378 351 547 407 praeter
574 341 756 405 justum
793 340 952 405 aliqua
998 339 1190 405 indigna
1223 340 1394 388 dixisse
1432 340 1687 389 videretur.
1731 344 1823 391 Pro

380 428 514 486 parte
534 427 694 467 tamen
716 418 758 465 ei
778 417 962 466 fautum
983 427 1071 475 est,
1094 434 1183 483 pro
1200 428 1335 483 parte
1355 435 1471 465 vero
1490 434 1821 485 suppressum3

380 498 443 546 ita
462 508 641 557 tamen,
670 505 723 544 ut
741 506 788 544 et
805 496 903 561 regi
929 495 1100 559 injuria
1126 511 1226 543 non
1246 495 1398 557 fleret,
1422 507 1469 544 et
1485 495 1619 563 operi
1644 495 1826 545 nel'ario

380 576 478 626 dux
502 592 604 624 non
634 574 940 623 consentiens
962 583 1167 641 pareret.
1207 576 1302 622 Rex
1336 584 1472 623 tanto
1509 575 1674 623 animo
1708 590 1828 642 prae·

382 670 514 721 ceps,
529 654 580 703 in
599 651 1041 719 metropolitanum,
1064 662 1309 719 assumpto
1334 651 1477 714 duce,
1492 668 1605 700 cum
1619 651 1827 701 exercitu

382 733 544 781 fertur.
570 734 727 799 Ipsam
747 730 918 779 urbem
943 731 1146 797 appetit,
1168 740 1311 796 atque
1331 731 1597 798 irrumpere
1620 739 1829 782 conten-

382 811 468 859 dit.
493 811 756 859 Primatum
782 820 944 859 tamen
964 809 1165 857 consilio
1188 826 1330 870 usus,
1370 809 1550 876 legatos
1575 809 1827 876 praemisit,

382 906 468 955 per
484 904 609 954 quos
626 898 885 953 quaereret,
919 904 980 935 an
1006 887 1259 953 episcopus
1283 887 1520 936 resisteret
1542 887 1642 952 regi
1654 922 1668 948 ‚
1688 903 1752 935 an
1771 903 1831 936 ex

381 967 582 1032 objectis
606 966 799 1033 purgari
817 975 993 1013 statuto
1012 975 1232 1032 tempore
1256 975 1449 1032 paratus
1476 975 1615 1014 esset.
1642 965 1692 1013 Si
1715 982 1832 1014 con-

381 1058 452 1094 tra
476 1054 644 1103 staret,
677 1059 781 1092 sese
810 1059 923 1091 mox
947 1042 1250 1091 obsidionem
1279 1042 1386 1090 urbi
1414 1041 1742 1091 adhibiturum
1759 1042 1832 1091 di-

381 1133 570 1184 cerent,
604 1132 891 1189 captamque
910 1121 1079 1170 urbem
1099 1139 1212 1170 cum
1239 1122 1343 1188 ipso
1367 1120 1506 1171 hoste
1532 1137 1833 1189 compressu·

383 1220 507 1250 rum.
528 1203 575 1249 Si
593 1218 708 1249 vero
726 1200 925 1265 objectis
937 1199 1231 1267 respondere
1246 1217 1346 1248 non
1365 1199 1623 1262 dubitaret,
1638 1199 1832 1250 obsides

381 1282 443 1330 ab
460 1298 520 1331 eo
538 1297 641 1329 sese
660 1290 968 1346 accepturum
993 1279 1366 1345 ducturumque.

1078 1403 1143 1436 lv.

452 1503 522 1551 Ad
552 1502 653 1551 haec
687 1503 1086 1569 metropolitanus
1111 1523 1120 1550 ε
1157 1507 1323 1552 «Cum
1353 1514 1566 1565 constet,
1594 1524 1617 1551 n
1646 1506 1828 1571 inquit,

391 1582 595 1630 «bonos
617 1598 837 1647 quosque
868 1598 1130 1647 pravorum
1159 1582 1412 1630 calumniis
1441 1581 1631 1631 assidue
1659 1581 1835 1632 dilace-

390 1684 414 1710 «
436 1664 548 1726 rari,
575 1680 677 1711 non
703 1665 852 1711 miror
876 1663 991 1711 huic
1015 1665 1197 1728 injuriae
1220 1664 1382 1712 locum
1406 1664 1650 1713 accidisse.
1682 1664 1834 1713 Multo

391 1762 415 1786 «
436 1741 642 1808 amplius
673 1758 790 1789 vero
822 1742 998 1801 miror,
1039 1743 1253 1808 egregios
1287 1743 1531 1809 principes
1563 1752 1662 1790 tam
1697 1741 1835 1791 facile

392 1841 415 1865 α
437 1837 579 1887 posse
596 1819 730 1881 illici,
753 1829 807 1868 ut
831 1821 1091 1869 certissime
1106 1838 1209 1869 esse
1225 1820 1424 1869 credant
1437 1858 1450 1882 ,
1477 1819 1613 1887 quod
1631 1836 1722 1869 nec
1744 1820 1835 1869 sub

392 1919 415 1944 κ
433 1898 596 1964 judice
614 1899 674 1947 sit
697 1898 987 1959 discussum,
1011 1909 1058 1947 et
1076 1900 1114 1947 si
1140 1900 1189 1947 in
1213 1899 1516 1948 discutiendo
1541 1898 1832 1960 conferatur,

392 1998 414 2022 «
438 1977 581 2026 nullis
599 1976 865 2025 rationibus
883 1976 1132 2042 probabile
1151 1977 1248 2025 fiat.
1271 1978 1418 2036 Quod
1433 1978 1473 2026 si
1485 1976 1666 2026 credita
1679 1975 1837 2026 discu-

393 2077 415 2101 «
438 2065 539 2104 tere
556 2054 761 2122 placuit,
784 2071 871 2102 cur
888 2056 1032 2103 armis
1049 2066 1097 2103 et
1115 2057 1325 2104 exercitu
1345 2055 1396 2103 id
1413 2055 1648 2122 exigitur?
1664 2057 1836 2105 Nonne

392 2155 416 2180 α
440 2150 555 2200 ergo
580 2134 672 2182 alia
689 2150 780 2200 pro
801 2133 901 2181 aliis
921 2150 1010 2181 nos
1029 2135 1239 2199 cogitare
1257 2133 1472 2183 faciunt?
1488 2133 1538 2182 Si
1552 2133 1615 2182 de
1638 2143 1831 2199 praeter·

394 2233 419 2259 «
441 2213 518 2262 itis
553 2214 729 2278 agitur,
758 2228 926 2277 regum
955 2212 1156 2260 salutem
1182 2213 1413 2260 hactenus
1437 2213 1616 2278 optavi.
1654 2214 1835 2260 Eorum

394 2313 418 2337 «
442 2309 592 2358 genus
613 2291 756 2339 colui.
791 2291 1063 2356 Principum
1092 2307 1288 2356 quoque
1313 2289 1599 2351 commoda,
1632 2306 1723 2356 pro
1753 2306 1837 2338 ra-

394 2390 418 2416 «
439 2371 571 2419 tione
597 2369 766 2417 amavi.
799 2369 847 2414 Si
878 2367 940 2415 de
969 2369 1306 2434 praesentibus,
1347 2369 1468 2433 regis
1499 2368 1631 2434 jussa
1666 2369 1837 2434 exequi

394 2468 418 2493 «
439 2464 540 2495 non
559 2462 751 2505 moron
775 2444 965 2493 obsides
983 2463 1106 2510 quos
1131 2446 1254 2507 vult,
1277 2445 1444 2506 trado;
1467 2446 1702 2494 rationem
1720 2460 1837 2493 con·

393 2547 416 2571 «
439 2537 511 2574 tra
530 2525 718 2590 objecta
735 2523 983 2571 intendere
999 2542 1102 2572 non
1117 2525 1302 2573 differo.
1331 2545 1354 2569 »
1376 2525 1527 2572 Factis
1541 2541 1655 2590 ergo
1672 2523 1836 2573 utrim-

388 2622 483 2671 que
502 2604 764 2652 rationibus
777 2640 789 2663 ,
819 2601 1011 2650 obsides
1029 2603 1186 2664 dedit,
1219 2606 1515 2668 Ragenerum
1534 2604 1690 2651 virum
1716 2601 1836 2650 mili-

389 2695 563 2746 tarem,
603 2683 850 2731 nobilitate
884 2694 931 2730 et
964 2682 1136 2731 divitiis
1175 2683 1356 2730 clarum
1373 2719 1385 2743 ,
1421 2682 1676 2747 pluresque
1715 2680 1834 2729 alios

387 2762 502 2810 dum
531 2763 625 2827 regi
653 2762 905 2810 sufficeret.
