1872 3372
384 287 434 325 8⁴
867 286 1084 326 mcum!
1112 285 1218 326 ΗΒ.
1253 286 1329 325 lll.

384 379 528 444 Equis
545 394 658 442 ergo
676 376 939 425 inclamatis
954 385 999 423 et
1017 374 1236 422 adductis
1248 410 1261 434 ,
1289 377 1404 423 Otto
1421 374 1481 422 ad
1514 373 1774 426 videndum
1796 378 1807 402 ⁶

382 456 625 523 processit.
676 454 951 502 Lotharium
994 469 1104 499 cum
1146 453 1308 516 viginti
1347 452 1538 500 milibus
1576 452 1594 477 ²
1642 453 1816 504 instare

378 538 595 587 advertit.
633 535 879 601 Cogitabat
911 536 1069 599 itaque
1100 551 1228 581 nunc
1258 535 1421 594 reniti,
1464 551 1593 582 nunc
1619 551 1816 602 quoque

378 617 438 665 ad
477 627 664 682 tempus
706 613 948 668 recedere,
994 622 1040 660 et
1084 622 1191 678 post
1225 629 1335 660 cum
1371 613 1576 661 exercitu
1612 613 1813 679 copioso

377 695 545 742 reverti
577 691 908 741 meditabatur.
937 689 1149 738 Tandem
1174 690 1284 755 quia
1317 690 1565 739 Lotharius
1593 690 1808 756 urgebat,

375 782 498 819 stare
534 788 631 818 non
674 770 844 835 potuit.
892 768 1123 815 Abscessit
1159 785 1273 832 ergo
1309 784 1407 815 non
1449 769 1551 816 sine
1583 767 1807 830 lacrimis,

374 868 485 898 cum
512 865 659 897 uxore
675 847 938 913 Teupbanu
959 847 1187 911 regnique
1215 846 1510 912 principibus
1538 846 1704 897 relicto
1733 865 1813 915 pa-

372 930 484 976 latio
503 938 644 992 atque
663 927 792 991 regio
815 935 1061 991 apparatu.

1018 1032 1150 1068 Lxxl.

434 1116 683 1163 Lotharius
702 1131 814 1162 cum
839 1114 1045 1161 exercitu
1066 1113 1215 1171 affuit,
1237 1115 1466 1161 Ottonem
1484 1130 1536 1163 se
1554 1123 1807 1181 capturum

367 1206 511 1244 ratus.
558 1197 614 1241 Et
647 1203 774 1241 certe
805 1193 1051 1257 coepisset,
1087 1193 1125 1239 si
1163 1193 1209 1239 in
1242 1193 1410 1240 itinere
1439 1209 1542 1242 sese
1573 1194 1806 1243 exemims

365 1273 568 1338 angariis
596 1288 694 1319 non
725 1270 1012 1335 impedisset.
1046 1272 1164 1316 Nam
1204 1270 1243 1316 si
1282 1279 1392 1318 ante
1410 1270 1512 1335 ejus
1544 1265 1828 1320 discessum'

364 1351 517 1417 pridie
548 1350 832 1408 advenisset,
868 1366 979 1396 eum
1012 1358 1094 1395 aut
1129 1364 1299 1414 capere
1333 1358 1416 1396 aut
1438 1349 1545 1397 neci
1577 1348 1692 1399 dare
1714 1365 1804 1416 po-

365 1431 542 1477 tuisset.
579 1428 810 1475 Palatium
847 1428 985 1492 igitur
1012 1426 1073 1473 ab
1101 1426 1319 1474 hostibus
1343 1437 1623 1492 occupatur.
1653 1427 1806 1494 Regiae

368 1525 542 1557 mensae
585 1516 877 1555 evertuntur.
927 1505 1156 1553 Ciborum
1189 1514 1446 1570 apparatus
1487 1522 1576 1571 per
1613 1505 1806 1555 calones

365 1586 601 1651 diripitur.
635 1586 773 1650 Regia
798 1600 993 1649 quoque
1013 1583 1211 1647 insignia
1235 1599 1262 1629 a
1282 1582 1604 1648 penetralibus
1621 1593 1802 1650 erepta,

366 1673 685 1730 asportantur.
729 1665 917 1710 AEream
947 1662 1155 1726 aquilam
1186 1679 1291 1726 quae
1325 1662 1373 1709 in
1399 1664 1574 1711 vertice
1591 1661 1752 1728 palatii
1781 1680 1809 1712 a

369 1742 543 1791 Karolo
588 1757 762 1807 magno
796 1742 891 1789 acsi
932 1740 1099 1788 volans
1137 1740 1229 1787 fixa
1269 1751 1395 1801 erat,
1435 1742 1483 1789 in
1527 1741 1807 1790 vulturnum

367 1831 722 1870 converterunt.
756 1824 875 1868 Nam
907 1821 1134 1868 Germani
1165 1836 1270 1867 eam
1304 1821 1351 1867 in
1381 1820 1628 1868 favonium
1647 1820 1664 1845 ⁸
1691 1837 1807 1869 oon·

367 1910 627 1959 verterant,
661 1899 894 1946 subtiliter
921 1898 1238 1963 significantes
1276 1898 1438 1947 Gallos
1470 1915 1559 1947 suo
1591 1899 1805 1965 equitatu

365 1977 658 2043 quandoque
701 1994 840 2043 posse
883 1976 1086 2024 devinci.
1126 1976 1374 2024 Lotbarius
1416 1976 1587 2025 frustra
1622 1976 1807 2043 impetu

365 2056 505 2115 facto,
528 2057 629 2103 sine
648 2055 818 2103 obside
834 2055 909 2103 vel
924 2071 1042 2120 pace
1061 2065 1302 2120 sequestra
1319 2056 1578 2104 exercitum
1596 2054 1802 2117 reduxit,

366 2144 532 2199 postea
550 2151 600 2181 se
625 2133 889 2182 rediturum
908 2133 1174 2181 confidens.

1007 2241 1158 2276 Lxxn.

430 2321 545 2366 Otto
576 2320 652 2366 cui
684 2329 840 2366 totum
873 2319 1150 2367 calamitatis
1185 2319 1376 2384 pondus
1410 2318 1592 2367 illatum
1628 2320 1797 2381 inerat,

363 2397 503 2445 donis
563 2397 898 2462 multiplicibus
955 2397 1210 2463 multisque
1255 2397 1493 2447 favoribus
1549 2415 1662 2447 suos
1714 2398 1802 2448 sibi

361 2473 656 2523 assciscebat.
678 2478 735 2521 Et
752 2485 916 2541 utpote
937 2476 1156 2523 vincendi
1176 2475 1395 2540 cupidus,
1415 2477 1454 2523 si
1475 2492 1598 2542 quos
1609 2475 1797 2538 leserat,

361 2552 613 2600 revocabat
628 2562 711 2599 aut
734 2552 922 2600 reddito
948 2553 1086 2618 quod·
1118 2554 1387 2614 sustulerat,
1417 2564 1500 2602 aut
1523 2553 1637 2603 dato
1663 2553 1798 2620 quod

358 2629 699 2696 spoponderat.
731 2631 912 2678 Pacatis
930 2641 1089 2679 autem
1115 2631 1339 2680 omnibus
1365 2643 1509 2699 atque
1535 2631 1624 2680 sibi
1653 2648 1791 2680 revo-

413 2752 423 2770 ’
446 2765 479 2787 v.
498 2764 579 2787 cum
594 2752 812 2799 principibus
829 2752 948 2787 deleta.

404 2827 419 2845 ²
444 2812 605 2859 X—Ycod.

401 2883 415 2902 ³
441 2883 475 2916 in
493 2882 612 2916 Gallos
629 2881 746 2915 deleta.
