1890 3380
350 279 401 314 ⁴20
815 269 1032 312 tuem-:m
1067 270 1164 311 ΗΒ.
1199 269 1275 310 ΙΙΙ.

350 373 418 410 tra
449 377 616 411 omnes
649 371 694 408 et
735 370 1062 426 suscepturum
1093 368 1140 406 et
1170 358 1475 406 defensurum
1510 353 1767 420 respondit.

347 440 489 499 Quod
522 441 662 488 etiam
700 438 897 486 multam
921 437 1008 485 sibi
1039 436 1172 484 ducis
1206 435 1431 483 invidiam
1463 432 1769 498 comparavit.

1012 795 1113 830 ΧῙΧ.

411 899 670 948 Ordinatur
695 900 850 963 itaque
879 899 926 944 in
960 896 1148 944 basilica
1177 896 1321 942 sancti
1357 894 1550 958 Remigii
1588 892 1648 940 al>
1681 893 1779 959 epi-

346 979 499 1044 scopis
518 977 756 1042 {lemensis
781 973 1059 1039 metropolis
1081 972 1398 1030 diocesaneis,
1429 969 1637 1018 Widone
1660 968 1780 1017 scili-

345 1067 420 1104 cet
453 1053 761 1111 Sues-sontico,
807 1052 1040 1100 Roricone
1082 1050 1412 1109 Laudunensi,
1449 1048 1662 1096 Gibuino
1694 1050 1781 1095 Ca·

346 1132 580 1181 talaunico
603 1167 615 1191 ,
678 1129 882 1178 Hadulso
935 1129 1241 1178 Noviomensi
1265 1129 1275 1152 ¹
1298 1164 1311 1189 ,
1367 1138 1510 1194 atque
1549 1125 1781 1174 Wicsrido

347 1208 647 1257 Virdunensi.
688 1210 948 1271 Factusque
972 1206 1168 1272 praesul,
1205 1222 1316 1253 mox
1343 1205 1558 1254 tirannos
1580 1203 1664 1270 qui
1687 1219 1783 1252 suae

344 1288 561 1338 aecclesiae
602 1303 675 1334 res
717 1295 1021 1351 pervaserant
1036 1320 1050 1344 ,
1098 1294 1149 1332 ut
1190 1283 1251 1331 ad
1287 1281 1670 1331 satisfaciendum
1710 1298 1783 1329 re-
1825 1285 1829 1290 '

343 1368 488 1416 deant
501 1402 514 1425 ‚
543 1366 650 1429 jure
676 1363 1004 1412 aeoclesiastico
1030 1362 1247 1410 advocat.
1273 1364 1424 1426 Atque
1449 1358 1563 1408 inde
1577 1375 1668 1426 per
1686 1368 1782 1407 tres

345 1446 531 1493 dierum
556 1442 883 1507 quadragenas
912 1440 1145 1488 concessit
1168 1455 1271 1487 esse
1301 1437 1670 1486 consulendum.

1018 1564 1101 1598 ΧΧ.

412 1654 615 1702 Evoluto
641 1669 754 1700 vero
780 1662 1019 1717 tempore,
1047 1649 1328 1699 Tetbaldum
1355 1649 1644 1695 'l'uronicum
1673 1662 1784 1694 cum

347 1732 447 1781 aliis
471 1748 630 1780 rerum
661 1730 1094 1778 {ecclesiasticarum
1124 1725 1458 1794 pervasoribus
1484 1724 1785 1773 anathemate

347 1811 557 1860 damnat.
584 1812 696 1856 Post
719 1824 818 1855 non
837 1807 1013 1855 multos
1031 1816 1192 1854 autem
1210 1804 1327 1863 dies,
1347 1803 1609 1870 penitentia
1626 1801 1781 1861 ducti,

349 1888 410 1938 ad
442 1886 692 1955 praesulem
723 1884 1001 1933 satisfacturi
1033 1883 1261 1941 redeunt,
1300 1892 1442 1947 atque
1466 1898 1542 1930 res
1565 1896 1788 1948 pervasas

350 1966 556 2032 legaliter
587 1963 809 2012 reddunt.
862 1963 1040 2028 Recipit
1079 1963 1237 2026 itaque
1278 1960 1486 2008 domnus
1521 1958 1692 2026 praesul
1725 1957 1787 2006 ab

350 2042 599 2091 Heriberto
638 2040 835 2105 quidem
871 2042 1164 2105 Sparnacum
1203 2038 1361 2086 vicum
1395 2036 1688 2104 populosum
1731 2052 1786 2083 ac

350 2119 650 2187 opulentum,
677 2117 737 2166 ab
759 2117 988 2165 Tetbaldo
1007 2133 1119 2165 vero
1136 2126 1343 2164 castrum
1358 2115 1667 2163 Codiciacum
1684 2130 1787 2162 eos-

351 2214 445 2263 que
481 2214 508 2245 a
539 2195 730 2244 vinculo
755 2194 1068 2242 anathematis
1101 2193 1319 2242 absolvit.
1350 2197 1406 2241 Et
1435 2191 1649 2242 Tetbaldi
1681 2193 1786 2256 qui-

352 2276 463 2325 dem
490 2274 612 2332 filio,
640 2274 725 2338 qui
748 2289 849 2320 sese
874 2272 962 2320 sibi
986 2273 1289 2320 commiserat
1325 2271 1661 2330 militaturum,
1690 2286 1790 2317 cas-

353 2365 479 2403 trum
504 2353 593 2400 sub
617 2350 893 2399 conditione
917 2349 1159 2398 servandae
1186 2349 1422 2398 fidelitatis
1445 2346 1682 2396 concedit.

1019 2466 1120 2500 XXI.

420 2558 530 2612 Quo
548 2554 691 2601 etiam
719 2563 932 2617 tempore
953 2550 1190 2610 Arnulfus,
1216 2551 1513 2598 Morinorum
1539 2548 1785 2615 princepS‚

359 2633 447 2680 hac
471 2632 566 2680 vita
591 2630 804 2679 decessit.
845 2630 990 2694 Cujus
1020 2641 1192 2677 terram
1224 2628 1473 2677 Lotharius
1500 2643 1582 2676 rex
1614 2626 1792 2691 ingres-

405 2770 412 2787 ¹
443 2769 486 2802 N.
506 2767 646 2811 aliisque
664 2767 839 2801 nonnullis
861 2765 979 2798 deleta.
