1872 3372
367 300 445 339 102
841 296 1062 338 RICHERI
1094 295 1194 338 Lm.
1227 295 1305 336 ΙΙΙ.

366 409 387 431 «
417 387 535 436 alter
559 386 699 435 nobis
731 387 973 445 addictus,
1010 386 1143 434 alteri
1176 387 1299 434 vires
1333 402 1431 433 non
1467 384 1674 452 praebeat
1701 386 1800 435 ani·

364 486 387 511 «
418 482 649 531 mumque
667 465 915 513 ministret.
940 467 1042 512 Hoc
1061 481 1257 530 quoque
1277 463 1379 512 fleri
1399 463 1624 531 possibile
1638 473 1709 513 est
1722 499 1737 524 ,
1758 465 1798 512 si

365 564 388 589 u
421 547 580 592 Romae
599 560 730 591 nunc
747 543 955 609 positum
981 545 1209 591 Ottonem
1227 542 1390 608 legatis
1416 542 1668 609 praemissis
1685 558 1798 592 cau·

365 645 387 669 «
418 633 494 671 tus
527 633 572 671 et
597 623 969 689 circumspectus
996 620 1182 669 adieris.
1212 624 1318 669 Non
1345 622 1474 670 enim
1490 621 1557 669 sic
1576 621 1711 688 parvi
1727 630 1800 670 est

366 723 388 748 ι(
419 702 594 768 ingenii
613 704 746 762 Otto,
769 711 820 749 ut
838 711 885 748 te
901 701 1138 767 potiorem
1157 699 1381 749 Lothario
1399 700 1544 748 armis
1561 710 1610 749 et
1627 698 1802 767 opibus

365 801 386 824 «
419 781 633 845 ignoret,
655 796 766 827 cum
783 795 896 845 sepe
915 788 962 826 et
981 778 1028 825 id
1047 778 1250 826 audierit
1280 788 1328 826 et
1344 795 1432 845 per
1449 795 1552 827 sese
1578 788 1801 847 expertus

365 880 387 903 α
418 860 491 907 sit.
524 858 662 906 Unde
681 868 727 906 et
747 858 925 906 facilius
943 856 1045 921 ejus
1069 857 1332 906 amiciciam
1359 856 1660 924 adipisceris3
1690 874 1801 924 pro-

365 958 386 980 «
418 937 541 984 derit
559 938 700 984 etiam
724 936 964 1000 sanguinis
993 937 1136 983 vestri
1156 937 1487 1003 propinquitas
1501 973 1514 996 ‚
1537 953 1650 985 cum
1666 954 1800 1002 aeque

365 1037 384 1059 «
419 1026 469 1063 ut
488 1015 738 1063 Lotharius
757 1015 799 1062 ei
817 1015 864 1061 in
884 1015 979 1062 hoc
996 1015 1315 1079 conjungaris.
1345 1034 1368 1057 »

980 1141 1182 1176 LXXXIV.

424 1243 542 1298 Quae
566 1241 800 1288 sententia
824 1240 1008 1306 prolata
1036 1238 1305 1286 favoraliter
1337 1238 1347 1261 ⁴
1390 1237 1502 1285 duci
1525 1236 1687 1288 habita
1710 1249 1822 1287 est·

362 1319 543 1383 Legatis
573 1318 714 1383 igitur
745 1318 934 1366 directis
957 1318 1056 1365 dux
1083 1318 1299 1364 animum
1329 1315 1606 1381 hujusmodi
1635 1317 1802 1365 Ottoni

361 1399 512 1443 Rome
527 1396 768 1443 indicavit.
787 1399 902 1444 Otto
919 1397 1038 1443 mira
1051 1394 1373 1443 benivolentia
1391 1393 1572 1459 legatos
1590 1395 1798 1461 excepit3

361 1474 423 1522 de
446 1474 661 1522 amicicia
685 1491 879 1539 quoque
913 1476 1036 1522 inter
1077 1473 1183 1521 illos
1214 1472 1459 1533 habenda,
1490 1490 1542 1521 se
1569 1474 1804 1540 paratissi-

362 1570 497 1600 mum
521 1570 620 1600 non
646 1554 849 1618 negavit.
879 1553 1023 1611 Quod
1042 1554 1080 1601 si
1105 1553 1205 1618 ipse
1224 1551 1319 1599 dux
1345 1551 1406 1599 ad
1433 1568 1485 1600 se
1502 1552 1714 1613 veniret,
1752 1562 1804 1601 ut

362 1630 566 1697 amplius
594 1641 794 1696 uterque
822 1632 1044 1678 amiciciae
1070 1631 1167 1678 vim
1197 1629 1517 1696 experiretur,
1548 1645 1661 1678 eum
1689 1646 1802 1678 cum

362 1711 457 1757 suis
495 1726 547 1757 se
579 1709 805 1758 decenter
837 1720 884 1757 et
910 1726 1021 1756 cum
1056 1708 1243 1756 honore
1273 1718 1603 1775 excepturum.
1644 1709 1802 1774 Legati

362 1788 562 1847 reversi,
585 1787 696 1835 duci
714 1787 940 1835 mandata
958 1786 1238 1835 retulerunt.
1273 1788 1382 1833 Dux
1408 1785 1550 1851 igitur
1565 1785 1803 1852 quosdam

361 1882 544 1931 magnae
561 1865 829 1932 prudentiae·
841 1876 889 1913 et
905 1867 1086 1913 astutiae
1103 1881 1351 1913 assumens
1364 1901 1377 1925 ‚
1399 1863 1650 1913 Arnulfum
1672 1864 1803 1914 vide-

361 1943 470 1993 licet
507 1945 915 1993 Aurelianensium
947 1945 1226 2011 episcopum
1239 1981 1252 2004 ‚
1298 1955 1442 2010 atque
1471 1942 1803 1993 Burchardum

362 2039 552 2071 necnon
583 2023 685 2070 ²....
722 2023 932 2088 reliquos
965 2040 1161 2088 quoque
1202 2022 1467 2071 admodum
1511 2024 1803 2072 necessarios

362 2103 507 2163 viros,
531 2104 731 2150 Romam
749 2101 1066 2167 progreditur.
1091 2103 1289 2150 Sanctos
1307 2101 1551 2167 apostolos
1573 2101 1800 2163 honorat,

365 2190 507 2244 atque
531 2181 598 2227 sic
623 2197 783 2245 regem
808 2181 944 2246 petit.

665 2323 847 2357 LXXXV.
865 2324 1049 2358 —Ottoni
1084 2336 1164 2358 cum
1182 2324 1276 2358 flu
1255 2337 1371 2371 ugone
1386 2325 1503 2360 sessim

429 2413 544 2458 Otto
562 2410 762 2475 gloriam
786 2410 875 2459 sibi
899 2428 1067 2477 parare
1093 2412 1313 2477 cupiens,
1346 2429 1403 2459 ex
1432 2412 1664 2461 industria
1687 2413 1799 2477 egit,

366 2499 419 2537 ut
428 2488 654 2536 omnibus
671 2506 700 2537 a
718 2489 941 2538 cubiculo
960 2490 1091 2555 regio
1111 2491 1294 2538 emissis
1306 2528 1319 2551 ,
1341 2492 1443 2555 ejus
1462 2490 1647 2557 gladius
1661 2507 1807 2557 super

364 2565 529 2616 sellam
557 2568 796 2634 plectilem
833 2569 1180 2635 deponeretur,
1215 2570 1313 2618 dux
1352 2572 1496 2620 etiam
1527 2571 1662 2620 solus
1691 2587 1804 2618 cum

408 2718 430 2740 *
455 2716 600 2759 iseum,
619 2718 707 2751 casio
724 2718 849 2752 abscisa

408 2773 419 2794 ¹
447 2775 493 2807 ita
510 2773 625 2808 code-z.

408 2828 423 2849 ¹
445 2829 534 2863 Iocus
552 2839 653 2864 'vocae
676 2832 708 2863 in
726 2831 799 2865 cod.
