1872 3372
318 262 337 298 7
348 262 372 298 2
806 258 1025 300 mcuERl
1058 258 1159 301 Lm.
1192 258 1271 300 111.

322 368 343 391 «
375 363 505 396 nem.
534 367 558 392 »
589 347 659 396 Ad
682 347 782 397 haec
810 348 1070 396 Gerbertus
1096 366 1106 395 ε
1133 368 1156 394 ι(
1182 348 1300 397 lude
1329 367 1353 393 »
1382 348 1538 413 inquit
1561 367 1585 394 «
1615 347 1761 398 vehe-

321 449 343 470 «
376 426 582 475 mentius
625 427 897 475 mirandum
937 426 1157 488 videtur,
1200 426 1335 492 quod
1378 425 1764 475 mathematicam

322 525 344 548 α
374 503 583 570 phisicae,
610 521 705 552 suae
747 504 965 553 videlicet
994 520 1170 565 coevae,
1204 513 1258 552 ut
1291 505 1502 570 speciem
1536 501 1764 552 subdide-

322 604 344 628 «
376 583 482 631 rim.
511 586 631 631 Cum
653 584 782 631 enim
804 600 963 631 coevae
982 582 1072 631 sub
1092 582 1264 632 eodem
1281 598 1453 648 genere
1469 581 1762 643 habeantur,

322 681 344 706 α
376 662 558 726 majore
590 661 786 727 inquam
814 661 1132 709 admiratione
1158 660 1359 727 dignum
1390 660 1597 721 videtur,
1624 660 1664 708 si
1697 658 1765 709 al·

323 735 460 787 «teri
490 738 634 787 altera
666 738 912 787 subdatur.
950 738 1045 787 Sed
1073 738 1184 787 dico
1211 737 1545 805 phisiologiam
1573 737 1769 804 phisicae

322 839 345 862 «
374 835 523 883 genus
543 835 642 865 uon
662 835 764 866 esse
779 808 1195 883 quemadmodum
1213 817 1465 907 proponis,
1487 814 1768 906 nullamque

322 919 344 942 α
373 914 538 945 earum
561 896 878 946 differentiam
907 897 1048 946 aliam
1071 914 1251 957 assero,
1278 897 1368 946 nisi
1390 913 1498 946 eam
1516 911 1665 963 quam
1691 896 1765 944 in·

323 997 345 1020 α
376 985 447 1024 ter
465 973 822 1041 philosophiam
851 985 898 1023 et
924 975 1235 1042 philologiam
1256 991 1515 1041 cognosco.
1543 974 1766 1041 Alioquin

322 1075 344 1099 «
373 1054 635 1119 philologia
660 1054 976 1120 philosophiae
1005 1071 1155 1119 genus
1175 1054 1535 1103 conceditur.»
1562 1051 1637 1102 Ad
1664 1051 1767 1101 hoec

319 1132 680 1180 scolasticorum
702 1131 960 1180 multitudo
983 1131 1300 1198 philosophiae
1319 1131 1606 1180 divisionem
1624 1130 1768 1179 inter-

319 1220 510 1275 ruptam
548 1209 901 1275 indignabatur,
940 1226 1143 1275 eamque
1175 1210 1327 1275 repeti
1355 1208 1487 1275 apud
1513 1217 1768 1275 augustum
1805 1228 1811 1235 ·

320 1288 526 1353 petebat.
555 1289 746 1336 Otricus
766 1305 882 1336 vero
900 1298 1011 1354 post
1029 1288 1279 1354 paululum
1299 1287 1429 1336 idem
1450 1285 1767 1352 repetendum

320 1366 526 1427 dicebat,
567 1369 697 1432 prius
734 1378 895 1415 tamen
932 1367 1096 1415 habita
1126 1367 1311 1415 ratione
1345 1366 1408 1414 de
1445 1376 1589 1413 causa
1621 1364 1769 1431 ipsius

321 1446 663 1512 philosophiae3
701 1445 1051 1512 intendensque
1092 1446 1141 1493 in
1175 1444 1487 1505 Gerbertum,
1514 1456 1622 1511 quae
1645 1451 1771 1493 esset

321 1541 462 1572 causa
481 1524 795 1590 philosophiae
818 1523 1162 1572 sciscitabatur.

654 1643 772 1677 Lxu.
788 1662 836 1671 —
850 1643 939 1687 Quoe
956 1643 1000 1679 nit
1017 1655 1122 1679 causa
1138 1641 1274 1678 conditi
1292 1641 1431 1678 mundi.

387 1728 482 1787 Qui
505 1743 616 1775 cum
642 1743 670 1775 a
698 1726 954 1787 Gerberto‚
984 1736 1036 1774 ut
1061 1727 1270 1792 apertius
1292 1725 1412 1792 quid
1436 1724 1581 1775 vellet
1609 1724 1768 1775 edice-

322 1817 409 1867 ret,
433 1815 697 1871 rogaretur,
719 1815 879 1853 utrum
899 1805 1120 1853 videlicet
1143 1822 1338 1854 causam
1353 1821 1451 1872 qua
1465 1806 1661 1866 inventa
1677 1815 1766 1867 est,

322 1902 384 1933 an
411 1902 604 1933 causam
631 1885 709 1932 cui
739 1885 934 1932 inventa
962 1884 1181 1946 debetur,
1205 1884 1284 1933 ille
1308 1901 1423 1933 mox
1446 1903 1458 1932 ε
1496 1904 1520 1932 «
1549 1887 1711 1951 Ipsam
1742 1903 1767 1930 υ

323 1965 477 2029 inquit
496 1984 519 2009 «
547 1980 740 2012 causam
761 1964 888 2025 dico,
912 1974 1112 2030 propter
1130 1981 1277 2031 quam
1295 1965 1491 2013 inventa
1507 1963 1715 2014 videtur.
1742 1985 1768 2009 n

322 2044 455 2090 Tunc
475 2059 590 2090 vero
609 2041 868 2090 Gerbertus
893 2060 903 2089 ε
936 2061 961 2088 «
987 2043 1230 2101 Quoniam
1254 2062 1278 2086 »
1306 2043 1461 2107 inquit
1482 2062 1508 2087 «
1533 2057 1668 2090 nunc
1683 2056 1771 2108 pa-

327 2141 350 2164 «
377 2130 443 2168 tet
464 2119 582 2185 quid
605 2137 867 2186 proponas,
888 2121 1000 2170 ideo
1025 2122 1222 2187 inquam
1239 2121 1434 2169 inventa
1452 2130 1541 2182 est,
1567 2129 1621 2168 ut
1639 2136 1699 2168 ex
1714 2136 1771 2168 ea

327 2220 350 2244 «
381 2215 727 2288 cognoscamus
739 2199 899 2248 divina
914 2210 961 2247 et
972 2200 1203 2248 humana.
1227 2202 1325 2246 »Et
1341 2199 1560 2247 Otrious:
1585 2218 1610 2244 «
1629 2201 1727 2247 Cur
1744 2217 1769 2243 n

325 2279 478 2344 inquit
504 2299 527 2323 «
556 2279 696 2325 unius
726 2280 792 2326 rei
822 2296 1032 2339 causam,
1063 2290 1135 2327 tot
1159 2278 1450 2327 dictionibus
1482 2278 1773 2327 nominasti?

327 2377 349 2401 «
380 2374 492 2404 cum
512 2374 567 2404 ex
587 2374 683 2404 una
708 2357 915 2406 fortassis
938 2359 1177 2406 nominari
1195 2357 1369 2423 potuit,
1391 2367 1439 2405 et
1458 2355 1775 2451 philosopho-

327 2456 349 2479 «
381 2452 488 2483 rum
512 2436 570 2483 sit
589 2435 806 2484 brevitati
832 2436 1052 2484 studere?
1078 2456 1101 2480 »
