1872 3372
337 269 417 309 204
814 268 1036 310 melma!
1065 268 1115 310 Ll
1123 268 1165 312 Β.
1200 269 1272 311 lv.

338 386 449 421 XLV.
459 385 687 422 -Arnulfus
703 384 750 423 ad
769 386 913 433 νομῆι·
925 399 960 422 ιο
972 387 1121 423 contulit
1133 389 1168 432 ·,
1180 386 1328 435 gratiam
1342 386 1388 423 ab
1398 387 1417 407 '
1435 398 1478 421 eo
1489 386 1510 409 ⁸
1526 390 1774 437 accepturu-⁶.

406 484 626 533 Amulfus
650 484 885 533 admissus
913 486 1009 550 regi
1031 521 1044 545 ,
1072 485 1134 533 ab
1157 502 1215 535 eo
1247 485 1464 535 osculum
1490 486 1700 552 accepit,
1730 497 1779 536 et

336 578 448 611 cum
467 562 528 611 de
545 563 741 627 objectis
757 563 966 628 aliquam
986 564 1252 629 purgationi
1269 580 1467 630 operam
1482 563 1598 613 dare
1616 563 1776 624 vellet,

341 657 422 688 rex
457 640 546 688 sibi
582 639 798 690 sufficere
825 641 968 701 dixit,
997 651 1050 689 ut
1070 658 1098 690 a
1135 642 1379 707 praeteritis
1415 642 1704 707 quiesceret,
1732 652 1780 691 et

339 717 512 766 exinde
551 718 640 766 sibi
666 718 811 767 fidem
834 719 1164 768 inviolabiliter
1195 731 1429 782 servaret3
1457 737 1559 769 sese
1590 721 1780 787 penitus

340 813 440 843 non
476 797 694 861 ignorare
719 797 946 845 Karolum
979 798 1023 846 ei
1047 798 1145 845 vim
1169 798 1408 859 intulisse,
1442 809 1491 847 et
1518 815 1707 848 summa
1731 798 1781 848 id

338 874 686 923 necessitudine
722 875 921 936 factum,
956 885 1009 924 ut
1033 875 1095 923 ad
1119 886 1308 941 tempus
1345 892 1373 924 a
1394 892 1446 925 se
1480 866 1788 937 discederet,-

338 962 386 1001 et
413 952 589 1001 Karolo
617 954 760 1001 etiam
801 953 970 1001 nolens
1004 952 1194 1002 faveret.
1237 953 1331 1001 Sed
1361 954 1473 1018 quia
1510 953 1561 1003 id
1603 954 1781 1004 factum

339 1040 465 1091 erat,
495 1030 629 1095 quod
658 1030 924 1079 labefactari
955 1047 1055 1078 non
1091 1041 1301 1097 poterat,
1342 1031 1492 1080 multa
1522 1032 1706 1082 ratione
1737 1033 1781 1081 ei

340 1125 442 1156 esse
484 1108 771 1169 videndum,
814 1119 866 1157 ut
909 1109 1090 1157 amissae
1134 1109 1266 1158 urbis
1290 1109 1574 1176 >dampnum
1620 1109 1782 1177 aliquo

340 1187 490 1235 modo
522 1188 779 1255 suppleret.
800 1189 849 1235 Si
872 1188 1043 1236 urbem
1066 1187 1244 1236 habere
1263 1198 1316 1235 ut
1337 1198 1448 1237 ante
1475 1204 1576 1237 non
1599 1198 1795 1255 posset,-

339 1265 506 1314 saltem
532 1266 761 1314 Karolum
788 1266 851 1314 ad
875 1283 925 1315 se
952 1267 1149 1314 transire
1181 1266 1381 1326 faceret,
1418 1275 1472 1314 ut
1500 1282 1552 1315 se
1578 1281 1781 1315 consen-

341 1345 486 1392 tiente
499 1380 511 1404 ,
552 1344 685 1411 quod
730 1355 998 1411 pervaserat
1042 1354 1239 1393 teneret.
1294 1346 1404 1392 Haec
1452 1353 1501 1393 et
1549 1343 1783 1412 ampliora

342 1423 563 1471 Arnulfus
599 1440 700 1471 sese
740 1423 975 1471 facturum
1017 1423 1266 1489 pollicetur
1281 1459 1293 1483 ,
1339 1431 1527 1471 tantum
1561 1431 1616 1471 ut
1662 1423 1784 1489 regis

341 1502 488 1569 gratia
511 1502 600 1550 sibi
625 1502 871 1563 reddatur,
899 1513 947 1550 et
982 1503 1082 1568 ipse
1106 1502 1235 1568 apud
1272 1518 1385 1550 eum
1417 1512 1472 1551 ut
1503 1501 1782 1569 meu-opoli-

342 1588 482 1627 tanus
506 1579 786 1627 honoretur.
812 1582 908 1627 Rex
927 1580 1124 1646 gratiam
1144 1579 1361 1641 indulsit,
1381 1589 1432 1628 et
1451 1589 1505 1627 ut
1521 1578 1782 1647 plurimum

341 1673 506 1705 coram
529 1675 579 1706 se
603 1658 841 1706 honorem
868 1657 1067 1706 haberet
1095 1659 1343 1707 concessit.
1372 1657 1511 1706 Unde
1536 1668 1584 1706 et
1605 1656 1781 1707 factum

342 1745 438 1796 est,
482 1745 535 1782 ut
567 1737 616 1784 in
649 1736 853 1801 prandio
878 1736 956 1784 die
992 1735 1158 1784 eadem
1192 1736 1291 1800 regi
1325 1735 1508 1796 dexter,
1544 1734 1782 1785 Adalbero

342 1813 515 1877 reginae
532 1813 665 1862 levus
681 1814 922 1864 resideret.
943 1815 1026 1862 His
1050 1815 1115 1862 ita
1131 1831 1232 1862 sese
1249 1814 1536 1881 habentibus
1563 1814 1783 1864 Amulfus

342 1894 404 1942 ab
423 1911 531 1959 rege
549 1894 758 1943 dimotus
776 1905 859 1943 est.
886 1896 1054 1943 Miram
1072 1897 1194 1961 regis
1214 1895 1589 1945 benivolentiam
1605 1895 1782 1946 Karolo

341 1973 583 2021 indicavit.
613 1977 805 2032 Quanto
842 1991 1036 2040 quoque
1070 1975 1258 2024 honore
1293 1974 1423 2041 apud
1462 1991 1575 2023 eum
1591 1974 1783 2024 habitus

341 2051 400 2099 sit
423 2051 684 2117 explicans,
720 2052 782 2100 de
806 2053 907 2117 ejus
939 2054 1091 2118 gratia
1120 2053 1381 2119 plurimum
1407 2052 1715 2117 gloriabatur.
1746 2056 1781 2101 A

342 2146 441 2194 quo
482 2139 699 2196 tempore
730 2131 850 2196 regis
886 2141 933 2179 et
971 2131 1131 2180 Karoli
1165 2131 1602 2180 reconciliationem
1639 2140 1783 2197 atque

342 2207 556 2256 savorem
577 2209 832 2274 quaerebat.

581 2341 713 2378 XLVI.
726 2362 776 2370 —-
791 2341 962 2390 Exceptio
973 2342 1017 2365 ¹¹*
1038 2341 1275 2378 Adalberonis
1289 2353 1311 2377 a
1326 2342 1462 2380 Rau-olo
1474 2339 1532 2376 ”.

408 2442 526 2498 Quae
540 2439 658 2488 dum
671 2441 738 2487 sic
753 2457 854 2487 sese
870 2439 1117 2500 haberent,
1134 2439 1367 2487 Adalbero
1378 2457 1406 2488 a
1422 2456 1532 2505 rege
1550 2438 1785 2504 digressus

344 2528 442 2579 est,
473 2517 797 2584 Karolumque
835 2517 1028 2584 petens,
1066 2519 1292 2573 *Lauduni
1336 2518 1485 2566 multa
1524 2517 1786 2566 ambitione

344 2609 569 2665 exceptus
597 2609 683 2649 est.
722 2599 790 2646 Ad
817 2617 868 2647 se
899 2601 972 2647 sui
1011 2599 1236 2661 redeunt,
1282 2601 1364 2665 qui
1406 2609 1516 2649 ante
1556 2599 1618 2648 ab
1662 2597 1784 2648 urbe

392 2719 413 2740 '¹'
437 2718 567 2765 Regem
580 2743 590 2760 ,
614 2717 661 2759 it,
678 2718 723 2760 b,
745 2730 788 2751 eo
800 2744 809 2760 ,
837 2727 935 2752 turus
952 2717 1088 2751 abscisa·

391 2774 432 2798 ’¹’
456 2773 531 2821 ptio
547 2800 556 2818 ,
578 2774 712 2809 Karolo
730 2773 869 2808 abscisa.
