1872 3372
393 274 468 313 174
872 271 1090 313 lucum!
1123 271 1222 313 Lm.
1258 272 1327 311 lv.

386 363 660 428 consopitos
692 360 1050 422 intellexissent,
1077 361 1200 410 faces
1225 362 1387 409 castris
1412 359 1663 407 immisere.
1691 360 1819 418 Quo·

386 457 494 489 rum
513 440 717 488 incendii
737 439 868 486 sumo
886 454 966 487 aer
983 438 1225 499 densatus,
1246 455 1344 487 non
1363 436 1519 486 solum
1535 437 1816 486 intuenu‘um

386 520 563 568 visibus
590 529 707 567 tetra
733 517 978 583 nigredine
1003 517 1242 579 obstabat,
1282 528 1330 566 at
1354 518 1483 583 gravi
1517 531 1695 583 vapore
1727 531 1819 564 na-

388 600 513 647 rium
547 608 593 645 et
627 597 833 645 saucium
867 606 1049 645 meatus
1088 597 1448 645 intercludebat.
1492 593 1676 643 Pedites
1707 610 1820 642 mox

388 676 660 735 vociferari,
690 675 907 743 clangere
926 676 1096 724 milites
1119 693 1304 744 cepere.
1334 678 1428 724 Rex
1448 685 1495 723 et
1523 674 1605 740 qui
1630 689 1743 722 cum
1761 689 1821 722 eo

387 768 521 807 erant
545 758 889 806 elementorum
914 757 1193 806 confusione
1218 758 1465 823 multoque
1481 757 1696 804 virorum
1726 754 1822 803 cla·

388 854 522 884 more
547 846 595 884 et
618 835 841 884 tubarum
864 836 1084 900 clangore
1106 835 1303 895 turbati,
1336 834 1397 883 ab
1416 834 1534 882 urbe
1552 832 1690 881 sedes
1715 848 1820 880 mu-

388 926 564 962 tavere.
595 917 713 962 Nam
747 924 896 962 castra
934 930 1046 961 cum
1077 913 1194 962 cibis
1226 924 1273 962 et
1308 913 1451 961 rebus
1482 911 1706 960 omnibus
1738 909 1823 959 ab·

388 1002 578 1058 sumpta
601 992 806 1040 videbat.
845 991 983 1040 Unde
1009 993 1267 1040 exercitum
1297 991 1359 1039 ad
1384 1001 1572 1057 tempus
1596 989 1826 1038 reducere

387 1070 644 1136 disposuit,
667 1080 720 1117 ut
752 1069 958 1116 reditum
982 1068 1290 1135 amplioribus
1317 1068 1466 1134 copiis
1496 1076 1607 1134 post
1625 1060 1822 1133 apparass

388 1159 474 1196 ret.
499 1151 615 1207 Quae
640 1149 802 1195 omnia
827 1148 1012 1212 augusti
1030 1158 1245 1214 tempore
1263 1156 1447 1213 patrata
1464 1155 1591 1194 sunt.

626 1290 763 1325 XXIV.
782 1310 829 1317 --
844 1290 969 1325 Obitus
985 1289 1215 1325 Adalberonis
1228 1290 1250 1313 ⁴*
1271 1288 1530 1338 metropolitani
1541 1289 1575 1324 *-

454 1393 537 1440 His
551 1393 616 1440 ita
639 1394 795 1457 gestis,
818 1410 916 1441 non
930 1393 1081 1442 multo
1098 1403 1208 1460 post
1225 1392 1617 1458 metropolitanus
1634 1391 1683 1439 in
1702 1392 1823 1457 egri·

387 1470 605 1518 tudinem
631 1470 879 1532 decidens,
908 1488 1012 1536 quae
1043 1489 1070 1519 a
1101 1472 1266 1519 Grecis
1294 1488 1473 1520 causon
1501 1487 1530 1519 a
1558 1470 1734 1519 Latinis
1749 1469 1823 1518 in·

388 1547 615 1596 cendium
633 1548 823 1609 dicitur,
851 1566 938 1615 per
960 1549 1137 1615 legatos
1156 1551 1271 1615 regi,
1295 1560 1409 1597 tunc
1429 1549 1588 1598 Parisii
1610 1564 1824 1597 commo·

389 1625 528 1686 ranti,
553 1625 778 1673 indicavit
792 1662 804 1686 ,
827 1643 927 1674 sese
952 1627 999 1673 in
1025 1643 1215 1691 gravem
1232 1626 1542 1674 valitudinem
1566 1624 1819 1687 decidisse;

387 1702 519 1751 unde
544 1713 591 1751 et
617 1704 660 1751 ei
679 1704 1037 1765 maturandum,
1060 1721 1122 1752 ne
1149 1704 1348 1752 Karolus
1365 1705 1448 1770 qui
1464 1714 1621 1753 cetera
1650 1705 1824 1754 Remos

388 1782 531 1829 etiam
547 1782 844 1848 pervaderet.
876 1785 971 1830 Rex
989 1783 1148 1830 accitis
1163 1784 1245 1848 qui
1270 1782 1489 1843 aderant,
1512 1799 1625 1830 mox
1641 1783 1710 1831 ire
1728 1782 1823 1831 dis-

387 1861 561 1925 posuit.
603 1863 713 1918 Quo
751 1862 798 1908 in
840 1862 1006 1908 itinere
1050 1862 1389 1927 aliquantisper
1427 1861 1670 1922 tardante,
1712 1877 1822 1909 cum

388 1938 781 2005 metropolitanus
805 1940 1135 1988 insomnietate
1174 1940 1410 2005 simulque
1439 1950 1485 1987 et
1514 1940 1686 1987 mentis
1715 1939 1824 1988 alie-

388 2018 581 2067 natione
605 2018 807 2065 nimium
826 2030 1091 2079 vexaretur,
1125 2019 1350 2084 nullaque
1384 2019 1491 2066 crisi
1522 2034 1691 2066 omnes
1722 2017 1826 2066 dies

386 2098 588 2144 creticos
616 2096 728 2144 huic
757 2097 1008 2162 egritudini
1041 2098 1324 2146 commodos
1352 2097 1632 2163 praeteriret,
1670 2095 1825 2145 disso-

386 2173 496 2222 lutis
541 2174 786 2223 elementis
835 2174 1049 2223 debitum
1098 2176 1404 2223 humanitatis
1453 2180 1513 2225 40
1560 2174 1654 2222 kal.
1701 2173 1820 2222 febr.

385 2251 599 2299 exsolvit.
623 2255 729 2310 Qua
748 2252 825 2299 die
843 2269 924 2300 rex
950 2253 1258 2319 tempestivus
1288 2253 1550 2301 adventans
1565 2288 1578 2312 ,
1600 2251 1719 2300 urbe
1750 2267 1826 2300 re-

385 2340 551 2396 ceptus
581 2341 667 2378 est.
691 2334 745 2378 In
775 2332 1007 2396 exsequiis
1030 2333 1171 2380 etiam
1197 2330 1434 2398 pontificis
1462 2330 1669 2396 plurima
1694 2346 1825 2378 com-

385 2408 690 2456 miseratione
717 2409 980 2456 condoluit.
1011 2411 1108 2458 Nec
1141 2426 1255 2457 vero
1289 2409 1390 2456 sine
1417 2408 1621 2456 lacrimis
1643 2406 1826 2473 aliquot

385 2486 446 2534 de
482 2504 542 2535 eo
576 2486 900 2552 querimonias
923 2487 1112 2548 habuit;
1147 2505 1320 2553 corpus
1351 2503 1545 2552 quoque
1568 2485 1721 2534 multo
1737 2485 1824 2534 ho-

386 2581 506 2612 nore
538 2564 789 2631 sepulturae
822 2564 968 2613 dedit.
1011 2567 1145 2614 Cives
1178 2566 1379 2614 domino
1419 2565 1668 2613 destitutos
1703 2563 1825 2612 mira

383 2642 705 2691 benivolentia
723 2643 900 2692 solatus
918 2655 1002 2693 est.
1029 2646 1121 2703 Qui
1147 2645 1208 2693 de
1227 2645 1452 2694 fidelitate
1471 2645 1570 2709 regi
1593 2642 1824 2693 servanda

431 2792 449 2812 '⁴
474 2793 570 2835 albe,
591 2806 662 2839 opo
699 2793 836 2827 abscisa.
