1872 3372
386 260 459 300 134
871 260 1091 301 meulent
1125 260 1223 301 12115.
1261 260 1339 299 111.

378 351 533 410 censi,
565 349 896 400 vehementius
927 349 1055 398 bello
1092 348 1369 398 incubuere.
1395 351 1453 396 Et
1482 348 1596 413 quia
1629 348 1818 410 hostes,

378 427 599 477 machina
616 438 665 478 et
680 430 824 477 armis
848 430 993 477 fortes
1007 465 1019 488 ,
1043 427 1315 477 nullatenus
1332 426 1594 487 cedebant,
1627 442 1710 476 rex
1740 443 1827 476 un·

379 508 515 555 cinos
546 507 724 555 ferreos
758 507 976 555 adhiberi
1006 507 1244 574 praecepit.
1286 507 1382 566 Qui
1422 505 1615 554 funibus
1649 503 1823 572 alligati

379 602 491 633 cum
515 585 726 633 hostium
753 585 984 634 machinae
1009 585 1167 650 injecti
1196 595 1380 644 essent,
1415 585 1651 650 lignisque
1678 593 1827 633 trans-

379 666 526 711 versis
561 664 801 725 admorsi,
838 664 975 712 funes
1008 663 1087 712 alii
1118 663 1459 724 demittebant,
1490 663 1570 712 alii
1592 662 1827 712 demissos

379 743 703 808 excipiebant3
731 742 906 808 quibus
932 742 1317 791 adversariorum
1344 743 1571 792 machina
1599 740 1824 791 inclinata

379 830 521 884 atque
534 837 658 886 pene
673 820 893 869 demersa
912 830 997 868 est.
1021 819 1160 869 Unde
1177 820 1257 868 alii
1281 819 1560 870 delabentes
1576 837 1665 888 per
1679 819 1827 885 ligno-

379 916 486 947 rum
523 900 861 947 commissuras
893 898 1277 960 descendebant3
1317 899 1396 947 alii
1420 916 1537 948 vero
1567 898 1691 948 saltu
1719 912 1827 947 'sese

377 977 438 1024 ad
468 987 644 1025 terram
673 977 1009 1038 demittebant;
1038 977 1259 1025 nonnulli
1284 994 1481 1043 quoque
1507 977 1636 1044 turpi
1667 976 1830 1026 formi-

378 1056 493 1104 dine
533 1057 671 1116 tacti‚
711 1055 918 1104 latibulis
959 1055 1107 1103 vitam
1141 1054 1230 1103 sibi
1274 1054 1618 1104 defendebant.
1658 1057 1828 1104 Hostes

378 1135 546 1182 mortis
570 1134 838 1201 periculum
856 1151 1026 1200 urgere
1043 1133 1284 1195 videntes,
1307 1133 1590 1182 adversariis
1615 1132 1823 1195 cedunt,

378 1214 622 1279 vitamque
642 1213 879 1280 supplices
896 1222 1082 1280 petunt.
1116 1213 1239 1260 Jussi
1266 1229 1489 1278 quoque,
1523 1228 1657 1262 arma
1679 1211 1828 1280 depo-.

378 1303 527 1354 nunt,
561 1302 608 1340 et
641 1292 868 1340 reddunt.
903 1293 1165 1357 Statimque
1195 1308 1225 1339 a
1248 1308 1360 1356 rege
1384 1290 1634 1340 decretum
1662 1291 1824 1353 exivit,

379 1371 541 1419 hostes
571 1371 673 1420 sine
702 1370 862 1436 aliqua
890 1370 1083 1419 ultionis
1106 1370 1279 1434 injuria
1317 1368 1824 1437 comprehendendos,

379 1466 436 1498 ac
463 1450 620 1498 illesos
646 1449 735 1497 sibi
753 1448 1084 1497 adducendos,
1110 1448 1459 1515 Comprehensi
1487 1449 1671 1516 itaque,
1702 1449 1829 1499 iner-

381 1546 484 1577 mes
501 1545 557 1577 ac
573 1528 858 1594 indempnes
877 1539 1048 1594 praeter
1062 1529 1181 1576 ictus
1198 1545 1323 1594 quos
1343 1528 1391 1575 in
1407 1526 1600 1576 militari
1618 1526 1827 1577 tumultu

382 1618 683 1674 acceperant,
704 1617 815 1655 ante
832 1624 993 1672 regem
1010 1606 1203 1654 admissi
1219 1615 1346 1654 sunt.
1370 1606 1464 1665 Qui
1482 1606 1606 1672 regis
1622 1604 1829 1672 pedibus

382 1686 621 1747 advoluti,
664 1688 812 1735 vitam
852 1686 1095 1752 petebant.
1141 1688 1262 1733 Nam
1297 1685 1435 1749 regiae
1468 1684 1725 1749 majestatis
1758 1684 1828 1733 rei

384 1772 526 1830 atque
550 1766 786 1824 convicti,
815 1764 877 1812 de
902 1765 998 1812 vita
1022 1763 1319 1812 diffidebant.

1031 1897 1166 1931 CVIII.

451 1998 545 2044 Rex
566 1997 766 2044 victoria
790 1997 969 2061 potitus
989 2032 1000 2055 ‚
1037 1995 1230 2060 Belgicae
1257 1996 1498 2061 principes
1516 2006 1708 2062 captos,
1733 1996 1831 2044 suis

385 2074 745 2135 custodiendOS,
767 2074 853 2122 sed
871 2085 918 2122 et
935 2091 1150 2139 congruo
1170 2084 1388 2140 tempore
1407 2073 1683 2122 reddendos
1699 2090 1832 2123 man-

384 2152 531 2200 davit.
568 2153 816 2218 Reliquam
840 2170 1039 2200 manum
1066 2152 1224 2200 redire
1250 2153 1480 2218 permisit.
1510 2155 1616 2219 lpse
1647 2152 1833 2201 Laudu·

384 2248 503 2278 num
535 2248 646 2279 cum
679 2232 886 2279 exercitu
918 2231 1059 2279 rediit
1075 2267 1087 2291 ‚
1134 2230 1294 2296 ibique
1330 2232 1634 2297 procinctum
1668 2230 1826 2279 solvit.

385 2310 565 2357 Urbem
582 2309 853 2358 Virdunum
872 2327 1023 2375 usque
1043 2311 1090 2357 in
1111 2309 1240 2357 diem
1266 2311 1372 2357 vitae
1400 2310 1502 2374 ejus
1529 2325 1828 2376 supremum,

382 2388 564 2454 absque
599 2388 696 2436 ulla
723 2389 1036 2454 refragatione
1074 2389 1297 2436 obtinuit.
1338 2388 1637 2455 Disponebat
1664 2397 1831 2455 praete-

381 2484 489 2528 rea,
524 2467 774 2533 quomodo
807 2468 1002 2515 ulterius
1021 2467 1332 2534 procedendo
1359 2484 1561 2531 regnum
1591 2483 1734 2515 suum
1758 2465 1831 2514 di-

382 2546 575 2606 lataret,
620 2562 732 2593 cum
767 2563 843 2594 res
875 2563 971 2593 suae
1007 2562 1280 2593 successum
1306 2546 1546 2612 optimum
1574 2544 1826 2605 habereut,

381 2626 612 2690 regnique
638 2624 830 2672 fortuna
856 2642 944 2691 per
967 2635 1133 2690 captos
1160 2625 1386 2689 primates
1413 2623 1464 2671 id
1496 2621 1823 2691 persuaderet.

381 2703 478 2752 Sed
496 2704 728 2751 Divinitas
752 2721 826 2751 res
845 2703 1114 2751 mundanas
1144 2703 1469 2751 determinans
1481 2739 1495 2764 ,
1518 2713 1567 2750 et
1585 2701 1734 2767 Belgis
1752 2717 1827 2750 re·

382 2783 544 2847 quiem
560 2819 572 2842 ‚
603 2792 650 2831 et
667 2782 778 2830 huic
799 2782 1030 2846 regnandi
1048 2783 1196 2830 finem
1221 2782 1369 2830 dedit.
