1872 3372
323 260 403 300 222
810 254 1031 295 menam
1064 253 1163 295 Lm.
1203 253 1273 296 lv.

324 346 546 397 nonnulli
565 346 709 395 etiam
727 343 1087 393 scolasticorum
1118 344 1168 392 in
1192 344 1295 408 ejus
1324 342 1655 392 defensionem
1674 342 1769 393 alia

324 426 603 484 scriberent,
626 424 716 472 alia
741 423 915 488 scripta
933 422 995 470 de
1017 422 1284 471 canonibus
1302 421 1595 490 proferrent,
1622 420 1769 487 idque
1852 431 1855 437 ’“

325 506 388 555 ad
412 522 550 554 aures
570 519 735 568 regum
760 501 962 550 relatum
979 512 1119 563 esset,
1141 501 1300 550 edicto
1321 501 1333 526 ⁴
1368 501 1499 566 regio
1522 499 1770 550 decimum

326 593 414 643 est,
441 594 494 631 ut
510 581 723 649 episcopi
741 579 904 629 Galliae
927 595 1096 627 omnes
1114 580 1197 645 qui
1218 578 1377 628 valent
1394 589 1443 627 et
1464 578 1671 627 maxime
1687 577 1772 643 qui

327 658 758 728 comprovinciales
777 668 905 718 sunt,
927 659 974 705 in
1000 674 1154 706 unum
1171 659 1484 719 conveniant3
1503 657 1588 724 qui
1611 665 1774 706 autem

327 740 492 788 adesse
517 755 618 786 non
643 746 869 804 possent,
906 752 1041 783 suam
1069 735 1333 786 absentiam
1351 754 1438 804 per
1461 736 1643 803 legatos
1670 732 1775 784 ido-

329 836 447 867 neos
488 835 517 865 a
556 817 819 884 suspitione
850 826 1124 882 purgarent.
1154 815 1320 882 Ibique
1358 817 1500 865 certis
1530 831 1588 864 ac
1625 813 1777 863 firmis

330 898 634 946 decretorum
678 894 944 944 rationibus
987 904 1071 943 aut
1109 896 1386 943 convictum
1425 894 1774 961 dampnarent,

330 986 412 1024 aut
438 975 645 1041 pristinae
669 974 795 1021 sedis
820 973 1038 1037 dignitati
1065 984 1321 1039 purgatum
1338 973 1655 1022 restituerent.
1673 971 1780 1022 Col-

331 1055 439 1102 lecti
464 1063 577 1101 sunt
601 1069 716 1116 ergo
743 1053 791 1099 in
822 1050 1047 1099 coenobio
1073 1052 1425 1100 monachorum
1447 1051 1599 1100 sancti
1623 1050 1779 1101 Basoli

332 1131 641 1189 confessoris,
674 1133 934 1178 Remorum
971 1129 1272 1191 diocesanei,
1303 1129 1546 1179 Remensis
1581 1128 1780 1196 quidem

334 1209 690 1276 metropolitani
721 1208 1177 1274 comprovinciales,
1202 1208 1364 1256 Guido
1389 1211 1652 1258 Suesorum
1682 1209 1791 1276 epi·-

334 1309 536 1358 scopus‚
571 1290 808 1339 Adalbero
856 1289 1187 1338 Laudunensis
1225 1291 1497 1357 episcopus,
1521 1291 1783 1341 Herivevus

336 1369 630 1418 Belvacensis
642 1369 913 1435 episcopuS,
934 1367 1304 1416 Godesmannus
1329 1368 1656 1420 Ambianensis
1686 1370 1785 1438 epi-

336 1465 535 1515 scopus,
567 1446 814 1495 Ratbodus
833 1447 1167 1495 Noviomensis
1190 1448 1468 1515 episcopus,
1503 1448 1614 1498 Odo
1637 1449 1785 1499 Silva-

338 1528 574 1577 nectensis
617 1527 897 1593 episcopus3
921 1526 1173 1575 Daibertus
1208 1527 1571 1577 Bituricensium
1606 1538 1784 1577 metro·

337 1607 601 1673 politanus3
622 1604 951 1670 Lugdunensis
968 1605 1320 1671 metropolitani
1336 1606 1780 1674 comprovinciale&

332 1685 590 1733 'Gualterus
619 1684 1061 1748 Augustudunensis
1097 1684 1375 1752 episcopus,
1415 1690 1577 1734 Bruno
1609 1687 1783 1752 Lingo-

340 1765 501 1812 nensis
526 1764 794 1830 episcopus,
827 1763 940 1810 Milo
960 1764 1317 1811 Matisconensis
1336 1765 1614 1831 episcopus3
1635 1765 1785 1832 Sigui-

341 1860 433 1890 nus
476 1842 826 1890 Senonensium
861 1841 1279 1909 metropolitanus,
1318 1861 1431 1892 cum
1463 1845 1560 1893 suis
1588 1843 1784 1893 Amulfo

346 1920 671 1968 Aurelianensi
708 1920 935 1986 episcopo
955 1957 968 1981 ,
1009 1920 1241 1969 Hei-berto
1283 1922 1659 1972 Autisiodorensi
1688 1922 1786 1991 epi-

344 2015 509 2064 scopo.
535 1998 630 2056 Qui
654 1999 704 2045 in
724 2015 876 2045 unum
893 1998 1221 2060 considentes,
1244 2001 1546 2050 diversorum
1567 2001 1787 2051 locorum

345 2075 540 2123 abbates
556 2075 640 2140 qui
657 2074 873 2134 aderant,
895 2087 1003 2141 post
1021 2077 1278 2126 solitariam
1294 2079 1368 2126 sui
1388 2078 1759 2146 disputationem
1771 2115 1784 2139 ,

344 2171 510 2202 secum
531 2153 793 2201 consedere
811 2154 1068 2218 jusserunt.

395 2288 476 2322 Lu.
490 2306 538 2314 --
556 2286 766 2321 Deliberatio
778 2287 796 2308 '¹
814 2286 859 2321 de
875 2286 1075 2334 dignitate*
1094 2289 1247 2324 habendi
1264 2291 1284 2311 ³⁸
1301 2290 1420 2338 juditii
1439 2300 1473 2327 et
1490 2292 1683 2339 palatui-a
1693 2292 1728 2327 *-

413 2397 486 2441 De
502 2392 728 2441 habenda
743 2393 885 2458 igitur
902 2394 1093 2456 sinodo,
1111 2396 1294 2445 ratione
1313 2397 1452 2459 facta,
1467 2399 1793 2449 ordinandum

350 2471 606 2540 putabant,
640 2471 718 2519 cui
754 2481 963 2537 potestas
1000 2473 1246 2537 judicandi
1281 2475 1343 2524 de
1381 2477 1576 2543 singulis
1609 2478 1794 2527 confer-

352 2562 506 2612 remi-3
548 2567 695 2616 quem
730 2551 873 2599 etiam
897 2551 1229 2602 habendarum
1263 2556 1506 2605 rationum
1544 2557 1793 2607 custodem

401 2717 422 2737 ³⁶
443 2727 485 2750 ra
497 2741 508 2758 ,
525 2714 644 2762 digni,
662 2713 725 2749 ndi
738 2742 748 2758 ,
766 2716 873 2761 praela
890 2716 1029 2750 abscisa.

405 2773 416 2792 ¹
446 2771 588 2807 decreto
606 2784 690 2805 corr.
711 2771 841 2806 edicto.
