1872 3372
371 278 425 317 ⁰0
850 279 1070 322 mentem
1102 280 1204 322 LlB.
1235 280 1315 321 111.

757 400 908 436 Lxxvl
916 428 924 436 .
937 421 986 429 -
996 401 1246 437 monomachia
1261 400 1428 437 duorum.

436 500 559 546 Cum
581 514 695 564 ergo
717 508 915 564 uterque
939 499 1174 547 exercitus
1192 497 1342 546 dubio
1358 506 1479 546 esset
1498 505 1645 556 statu,
1681 505 1730 544 et
1752 493 1814 544 de

371 575 570 625 victoria
596 575 876 624 altrinsecus
905 586 1005 625 tota
1033 586 1193 624 mente
1217 584 1525 641 quaereretur,
1546 575 1815 622 Germanus

371 654 570 720 quidam
599 655 761 703 animo
795 654 937 703 simul
967 664 1015 703 et
1045 654 1227 703 viribus
1262 654 1444 715 fidens,
1477 650 1728 719 singularis
1751 649 1814 699 ad

372 732 704 782 dimicandum
720 750 834 784 cum
858 734 1001 782 armis
1019 735 1267 800 processit,
1284 749 1482 800 seseque
1500 732 1565 781 ad
1588 740 1812 798 pontem,

372 811 455 860 ubi
489 823 638 877 portae
686 824 822 862 erant
852 813 1089 880 repagulis
1125 823 1174 862 et
1217 813 1361 861 clavis
1394 811 1811 869 ferreis-munim,

371 907 739 955 congressurum
774 892 939 942 solum,
960 910 1074 942 cum
1097 892 1203 941 solo
1228 893 1418 941 obtulit.
1449 894 1647 940 Hostem
1668 899 1722 938 ut
1742 905 1819 937 ve-

372 970 495 1017 niret
519 970 769 1035 singularis
802 987 1132 1037 saepenumero
1162 971 1449 1019 inclamavit.
1490 972 1551 1018 Et
1578 984 1690 1017 cum
1714 967 1816 1032 jam

371 1051 421 1098 in
446 1051 696 1099 Gallorum
720 1063 1057 1119 contemptum
1080 1053 1302 1119 quaedam
1327 1051 1581 1102 maledicta
1603 1048 1818 1098 effunde·

371 1138 468 1188 ret,
515 1146 603 1177 nec
639 1130 808 1195 aliquis
840 1132 882 1179 ei
918 1132 1232 1198 responderet
1248 1167 1261 1191 ,
1319 1148 1405 1198 per
1441 1128 1665 1179 custodes
1705 1127 1817 1176 duci

371 1206 568 1272 aliisque
583 1208 879 1275 principibus
897 1211 980 1275 qui
995 1211 1095 1275 jam
1115 1211 1256 1276 pauci
1275 1210 1587 1269 advenerant,
1615 1206 1820 1256 relatum

371 1296 463 1346 est,
498 1286 559 1334 ad
592 1298 754 1352 portas
786 1290 947 1355 pontis
972 1289 1252 1353 hujusmodi
1288 1305 1391 1336 esse
1418 1286 1694 1346 hominem,
1733 1284 1818 1351 qui

370 1382 474 1413 sese
495 1365 558 1413 ad
582 1365 914 1415 dimicandum
939 1367 1240 1432 singulariter
1264 1366 1424 1414 solum
1447 1381 1560 1413 cum
1585 1363 1691 1412 solo
1709 1378 1819 1429 pro-

371 1454 600 1508 poneret,
649 1444 881 1511 illumque
915 1445 1105 1512 probris
1133 1455 1182 1494 et
1215 1443 1518 1493 contumeliis
1558 1441 1817 1491 verborum

371 1522 610 1588 principes
644 1522 889 1585 lacessire,
924 1542 1013 1572 nec
1037 1524 1173 1571 illum
1217 1523 1329 1571 inde
1360 1538 1660 1571 recessurum
1695 1537 1815 1582 esse,

371 1600 462 1647 nisi
490 1612 573 1648 aut
602 1602 902 1668 singulariter
937 1603 1302 1668 congrediatur,
1347 1611 1431 1650 aut
1470 1600 1621 1668 portis
1659 1599 1820 1648 incisis

370 1687 499 1726 totus
546 1681 778 1728 exercitus
820 1682 1179 1729 intromittatur.
1226 1684 1334 1728 Dux
1368 1697 1481 1728 cum
1523 1677 1820 1746 principibus

372 1759 498 1808 hanc
532 1762 875 1810 contumeliam
908 1780 1007 1810 non
1038 1763 1216 1822 ferens,
1246 1763 1427 1810 tirones
1463 1762 1472 1785 ¹
1514 1761 1736 1808 hortatur
1767 1769 1819 1807 ut

373 1838 611 1888 furentem
651 1840 668 1865 ²
701 1841 956 1908 repellant,
991 1852 1039 1890 et
1069 1859 1096 1890 a
1124 1852 1255 1890 tanta
1283 1841 1547 1906 ignominia
1580 1838 1769 1907 purgati
1796 1837 1812 1863 ³

374 1922 583 1969 nominis
601 1922 802 1988 gloriam
815 1924 905 1971 sibi
923 1925 1159 1972 affectent.
1180 1927 1292 1973 Mox
1309 1941 1455 1989 quam
1473 1923 1635 1989 plures
1652 1922 1816 1970 animo

374 2000 595 2049 ardentes
610 2038 622 2062 ‚
662 2001 725 2049 ad
760 2002 1079 2050 resistendum
1120 2019 1222 2050 sese
1257 2002 1551 2050 obtulerunt.
1588 2004 1714 2066 Ergo
1756 1999 1819 2048 de

375 2081 591 2148 pluribus
631 2101 755 2132 unus
788 2085 991 2145 electus,
1029 2086 1167 2145 Ivo⁴,
1200 2100 1543 2151 congressurus
1579 2081 1812 2150 procedit.

377 2161 619 2208 Premium
649 2163 738 2209 viri
773 2162 907 2210 fortis
944 2164 1249 2229 propositum
1286 2173 1386 2223 est;
1417 2172 1464 2211 et
1494 2161 1663 2210 ablatis
1684 2177 1820 2228 repa-

376 2237 520 2303 gulis,
566 2251 717 2306 portae
756 2241 998 2308 patefactae
1041 2252 1168 2290 sunt.
1226 2241 1448 2290 Procedit
1487 2239 1578 2288 sibi
1625 2238 1817 2287 obviam

376 2320 527 2369 hostis
545 2332 761 2388 uterque.
785 2324 879 2381 Qui
899 2323 1100 2388 objectis
1114 2324 1294 2390 clipeis,
1312 2323 1510 2388 telisque
1526 2321 1814 2378 obnitentes,

378 2410 539 2449 mente
564 2401 732 2450 furiata
749 2419 903 2469 pauca
921 2403 1188 2451 admodum
1204 2402 1384 2470 probra
1411 2401 1500 2450 sibi
1517 2401 1814 2466 objecean

427 2569 437 2589 ¹
466 2569 591 2603 milites
606 2578 639 2602 et
655 2582 754 2616 supra
770 2570 823 2603 vel
845 2571 975 2604 tirones
993 2566 1109 2603 codex}

424 2626 440 2646 ⁸
461 2635 500 2660 ut
516 2638 640 2660 canem
655 2626 839 2661 latrantem
860 2639 943 2660 corr.
963 2628 1148 2661 furentem.

424 2683 439 2702 ²
464 2682 489 2716 i.
508 2694 581 2716 nou
597 2682 711 2716 solum
727 2695 811 2717 sese.
830 2682 889 2717 sed
914 2691 947 2717 et
973 2691 1083 2717 totam
1100 2692 1238 2729 gentem
1255 2695 1354 2717 suam
1372 2682 1579 2718 emundent.
1599 2694 1639 2716 ac
1655 2694 1719 2729 per
1738 2683 1818 2718 infi-

379 2739 452 2773 nita
470 2747 630 2786 tempora
646 2738 767 2773 deleta.

425 2793 439 2814 ⁴
462 2807 532 2829 vox
546 2794 657 2829 linem
676 2795 852 2841 majuscula
868 2798 988 2842 scripta
1003 2822 1012 2835 ,
1035 2796 1121 2829 linea
1143 2795 1303 2829 subducta
1320 2794 1421 2829 deleri
1436 2794 1583 2829 videtur.
