1872 3372
369 283 447 321 116
846 280 1065 322 mensal
1098 281 1196 322 Llss.
1235 282 1313 324 ΙΙΙ.

366 369 552 437 cipibus
581 385 801 419 exercere
839 370 1063 419 valerent.
1101 375 1246 420 Amor
1290 388 1484 438 quoque
1521 373 1800 439 conjugalis,

364 449 433 497 eis
465 464 590 515 pene
614 447 774 496 nullus
798 448 907 509 fuit3
931 465 1043 497 nam
1071 467 1182 498 cum
1209 450 1286 499 ille
1315 451 1476 499 adhuc
1503 450 1803 517 pubesceret,

361 523 440 572 illa
457 539 574 572 vero
601 540 721 571 anus
746 523 892 584 foret,
922 526 1173 574 contrariis
1201 526 1417 574 moribus
1442 526 1802 577 dissentiebant.

359 601 643 651 Cubiculum
681 619 941 651 commune
973 604 1063 652 sibi
1102 620 1203 657 non
1240 605 1562 671 patiebantur.
1605 607 1807 673 Requie-

357 683 451 731 turi
481 697 677 747 quoque
701 679 900 730 diversis
927 681 1143 749 hospitiis
1167 682 1491 750 potiebantur.
1526 685 1575 733 Si
1606 684 1805 751 quando

357 760 735 827 colloquendum
769 771 892 821 erat,
928 761 1091 810 locum
1122 761 1213 810 sub
1250 762 1364 811 divo
1405 762 1663 813 habebant.
1711 765 1806 813 Pro

357 839 660 889 sermonibus
684 839 1037 906 producendis,
1078 840 1364 907 paucissima
1389 840 1549 890 dicere
1577 852 1650 891 sat
1682 851 1802 892 erat.

357 922 415 966 Et
432 918 527 966 hoc
546 917 676 984 apud
702 934 786 965 eos
809 918 1033 966 sere-erat
1057 935 1143 984 per
1159 917 1429 966 biennium.
1458 922 1680 978 Quorum
1707 937 1807 969 mo-

355 1015 430 1046 res
450 1014 601 1062 usque
619 996 743 1044 adeo
772 996 1019 1045 discordes
1040 997 1196 1058 fuere,
1228 1009 1280 1047 ut
1299 1015 1398 1046 non
1430 998 1582 1047 multo
1605 1009 1718 1066 post
1733 1016 1805 1049 se-

354 1085 582 1140 queretur
605 1084 651 1123 et
677 1074 954 1123 divortium.

1026 1306 1138 1341 XCV.

419 1402 690 1451 Ludovicus
708 1420 844 1464 vero,
876 1403 988 1468 quia
1007 1418 1200 1449 morum
1218 1400 1584 1449 informatorem
1599 1406 1701 1450 non
1717 1400 1804 1451 ha-

354 1481 521 1543 bebat,
545 1492 712 1548 utpote
731 1481 1014 1530 adolescens
1030 1480 1208 1529 levium
1228 1497 1390 1528 rerum
1414 1478 1704 1529 vanitatibus
1728 1473 1803 1530 in·

354 1559 564 1609 sistebat.
584 1559 813 1608 Habitum
830 1561 840 1583 ⁴
868 1560 1031 1626 patriae
1047 1559 1223 1624 gentis,
1244 1575 1335 1625 pro
1351 1558 1640 1625 peregrinis,
1667 1559 1804 1627 peni-

356 1649 430 1686 tus
454 1638 758 1705 deposuerat.
796 1641 960 1703 Itaque
990 1639 1038 1685 in
1066 1637 1391 1686 miserandam
1417 1632 1689 1700 fortunam,
1730 1655 1804 1688 res

355 1717 546 1782 penitus
564 1716 746 1783 dilapsa
775 1727 861 1776 est,
883 1726 936 1764 ut
954 1726 1002 1764 et
1020 1716 1237 1763 moribus
1256 1715 1484 1781 degener,
1506 1726 1555 1766 et
1568 1715 1803 1783 regnandi

355 1796 637 1862 impotentia
653 1795 882 1860 inglorius
898 1805 1043 1854 esset3
1064 1805 1111 1843 et
1125 1796 1209 1861 qui
1225 1795 1370 1861 paulo
1380 1805 1491 1868 ante
1508 1812 1799 1862 miggenem,

355 1872 503 1932 fama,
526 1883 670 1938 atque
688 1873 840 1938 copiis
867 1882 1040 1938 potens
1055 1909 1067 1931 ,
1097 1889 1228 1920 nunc
1253 1889 1541 1921 erumnosus
1564 1882 1614 1923 et
1629 1873 1798 1945 inqps,

355 1951 423 1998 rei
443 1950 685 1999 familiaris
709 1950 850 1998 simul
865 1961 912 1998 et
923 1951 1138 1998 militaris
1155 1950 1422 2000 calamitate
1441 1951 1696 2017 squaleret.
1718 1953 1803 2003 nis

355 2029 606 2077 Lotharius
623 2047 704 2077 rex
723 2047 810 2095 per
828 2030 1006 2077 multos
1022 2031 1225 2095 cognitis
1237 2066 1249 2090 ,
1274 2030 1426 2078 filium
1442 2030 1557 2079 inde
1575 2047 1803 2080 revocare

354 2108 622 2173 cogitabat3
652 2125 752 2155 non
772 2109 999 2172 ignorans
1026 2109 1074 2155 in
1103 2110 1240 2174 pejus
1259 2125 1371 2157 eum
1397 2109 1668 2175 lapsurum,
1688 2126 1802 2159 cum

355 2186 448 2234 illic
474 2186 660 2234 nullum
686 2186 927 2251 dignitatis
944 2187 1083 2252 regiae
1109 2187 1309 2235 haberet
1332 2187 1588 2237 honorem.
1609 2189 1802 2255 Equita-

353 2274 456 2312 tum
475 2265 634 2329 itaque
650 2275 786 2331 parat
802 2264 952 2312 filium
975 2267 1276 2331 repetiturus.
1301 2266 1604 2331 Aquitaniam
1622 2268 1802 2334 ingres-

353 2360 433 2391 sus
466 2343 692 2391 Briddam
727 2344 879 2410 petiit.
922 2343 1093 2391 Filium
1119 2345 1293 2410 repetit
1317 2354 1364 2392 et
1391 2343 1592 2393 reducit.
1624 2345 1800 2412 Regina

352 2438 456 2470 sese
472 2422 717 2471 viduatam
740 2422 926 2481 dolens,
955 2432 1003 2469 et
1021 2422 1170 2469 verita
1194 2422 1388 2485 majoris
1406 2422 1711 2471 incommodi
1719 2423 1799 2471 in-

345 2501 523 2565 juriam
535 2539 549 2562 ,
566 2500 845 2549 Wilelmum
863 2500 1183 2549 Arelatensem
1200 2500 1316 2549 adiit
1330 2538 1342 2561 ,
1372 2502 1514 2567 eique
1537 2501 1718 2568 nupsit-⁶.
1743 2503 1802 2549 Et

348 2580 415 2627 sic
439 2597 496 2628 ex
521 2579 728 2627 divortio
744 2616 756 2638 ,
779 2579 1067 2627 adulterium
1082 2577 1335 2645 'publicum
1362 2590 1615 2646 operatum
1639 2589 1725 2631 αἱ.

398 2726 407 2745 “
435 2726 554 2760 Vestes
571 2738 653 2760 corr.
674 2726 831 2760 habitum
855 2725 969 2759 codex.
