1872 3372
349 304 430 342 210
828 297 1048 339 mcuEm
1080 297 1179 337 Lm.
1217 298 1287 337 1V.

349 389 504 438 nulfus
533 389 767 437 matutino
799 404 970 436 somno
995 387 1236 453 oppressi,
1263 385 1584 451 quiescebant.
1611 389 1785 438 Coram

346 467 520 534 quibus
544 485 653 515 cum
680 467 840 514 hostes
863 466 986 514 facto
1005 465 1192 531 agmine
1211 465 1447 525 adessent,
1472 475 1518 513 et
1537 465 1602 513 illi
1618 482 1786 533 exper-

345 547 510 611 gefacti
548 546 842 593 adversarios
879 544 1213 604 advertissent,
1241 559 1268 591 a
1293 543 1424 591 lectis
1458 543 1783 610 prosilientes,

343 635 390 673 et
424 642 555 673 arma
585 640 830 688 capessere
856 622 1080 682 nitenteS,
1108 638 1197 669 nec
1222 623 1540 688 reperientes,
1577 632 1787 688 querunt

341 701 572 768 quidnam
605 701 865 748 matutinus
898 716 1067 748 eorum
1091 699 1253 747 afferat
1295 709 1507 747 eventus,
1549 697 1786 749 Adalbero

341 799 455 828 vero
481 799 490 827 ε
525 801 547 824 «
570 780 831 839 Quoniam,
859 799 882 823 »
906 779 1075 844 inquit,
1104 794 1305 827 «arcem
1335 778 1461 827 hanc
1487 778 1604 826 mihi
1631 795 1788 846 nuper

343 881 365 904 «
397 858 706 924 surripuistis,
734 868 781 906 et
813 857 873 905 ab
894 874 949 905 ea
980 856 1166 905 exulem
1198 857 1328 906 abire
1350 858 1593 923 coegistis,
1617 868 1665 907 et
1699 875 1786 907 vos

343 957 365 979 «
396 936 508 983 hinc
546 936 759 983 dissimili
803 946 962 983 tamen
1008 935 1197 984 fortuna
1227 935 1487 1002 pellemini.
1527 937 1783 1003 Egoenim

343 1035 364 1057 α
397 1013 577 1078 proprii
596 1014 716 1078 juris
737 1013 969 1073 remansi;
997 1029 1083 1060 vos
1106 1012 1263 1061 alieno
1289 1012 1523 1061 subibitis.
1552 1032 1576 1058 >›
1605 1006 1675 1078 Ad
1693 1012 1786 1062 hec

340 1091 540 1139 Karolus
565 1111 574 1138 :
607 1112 629 1136 α
655 1095 743 1151 Αη,
771 1112 794 1135 »
833 1092 1011 1156 inquit,
1038 1110 1061 1135 α
1083 1108 1112 1137 o
1144 1091 1367 1156 episcope
1396 1090 1630 1140 hesternae
1657 1107 1788 1141 cenae

341 1191 362 1214 «
392 1187 579 1217 mernor
602 1171 663 1217 sis
692 1170 895 1217 nimium
923 1170 1087 1217 miror.
1113 1171 1220 1216 Non
1246 1185 1360 1234 ergo
1388 1169 1490 1234 ipsa
1517 1169 1787 1219 Divinitatis

339 1269 362 1294 «
393 1249 657 1296 reverentia
688 1248 951 1296 inhibebit?
988 1247 1176 1295 Nihilne
1200 1247 1279 1310 jus
1312 1247 1623 1296 sacramenti?
1659 1247 1804 1296 Nihil-

339 1347 363 1372 «
392 1326 623 1375 hesternae
642 1344 771 1375 cenae
789 1326 1100 1393 imprecatio?
1130 1345 1152 1370 »
1183 1328 1241 1373 Et
1258 1324 1349 1372 hec
1368 1325 1551 1385 dicenS,
1572 1341 1785 1393 praeceps

334 1407 384 1452 in
404 1404 593 1453 hostem
623 1405 786 1453 fertur.
813 1407 970 1463 Quem
1000 1403 1235 1451 furentem
1261 1403 1428 1451 armati
1449 1403 1778 1465 circumdant,

336 1494 478 1549 atque
519 1484 568 1531 iu
602 1483 778 1531 lectum
810 1483 1056 1549 repulsum
1097 1482 1438 1548 comprimunt.
1482 1485 1580 1531 Nec
1617 1483 1782 1530 minus

336 1562 583 1609 Arnulfum
616 1562 901 1628 pervadunt.
927 1564 1060 1620 Quos
1090 1559 1489 1626 comprehensos,
1522 1561 1573 1608 in
1609 1559 1782 1609 eadem

333 1641 452 1687 turri
477 1640 744 1687 includunt.
769 1641 954 1687 Turrim
979 1656 1174 1705 quoque
1204 1638 1415 1687 clavibus
1435 1648 1483 1686 et
1511 1640 1626 1687 seris
1642 1655 1782 1706 repa-

333 1718 548 1784 gulisque
566 1719 844 1766 custodibus
868 1719 1091 1766 adhibitis
1110 1718 1350 1766 muniunt.
1385 1716 1524 1765 Unde
1546 1733 1659 1765 cum
1682 1717 1780 1766 cla-

333 1813 440 1842 mor
472 1796 789 1857 feminarum,
829 1814 1187 1863 puerorumque
1229 1795 1370 1844 simul
1406 1806 1454 1845 et
1489 1795 1778 1864 famulorum

332 1873 539 1922 ululatus
561 1876 608 1922 in
630 1875 805 1923 coelum
830 1875 1046 1936 ferretur,
1079 1876 1205 1923 cives
1230 1891 1317 1940 per
1344 1874 1513 1923 urbem
1539 1873 1716 1923 turbati
1733 1885 1782 1923 et

332 1953 644 2020 expergefacti
662 1964 789 2001 sunt.
813 1954 1116 2018 Quicumque
1133 1952 1294 2001 Karoli
1317 1952 1532 2019 partibus
1555 1950 1778 2001 favebant

332 2047 446 2078 mox
465 2031 686 2096 profugio
705 2047 806 2079 sese
824 2030 1162 2078 liberaverunt.
1178 2029 1323 2088 Quod
1343 2030 1486 2078 etiam
1505 2031 1582 2077 vix
1601 2028 1778 2078 factum

332 2108 434 2157 fuit.
466 2111 586 2157 Nam
610 2126 722 2157 cum
743 2126 865 2175 pene
881 2108 1040 2156 adhuc
1058 2109 1296 2173 fugerent,
1320 2109 1479 2156 statim
1498 2117 1598 2156 tota
1614 2109 1780 2157 civitas

333 2189 579 2238 obfirmari
597 2188 659 2237 ab
686 2189 983 2238 Adalberone
1005 2190 1136 2254 jussa
1155 2199 1249 2248 est,
1283 2199 1336 2236 ut
1356 2206 1526 2238 omnes
1544 2205 1668 2254 quos
1685 2188 1778 2238 sibi

331 2262 558 2311 adversos
583 2263 780 2329 putabat
813 2262 1259 2329 comprehenderet.
1295 2263 1488 2322 Quaesiti
1514 2263 1665 2324 linere,
1685 2279 1777 2312 nec

332 2341 523 2406 reperti.
562 2340 835 2389 Subductus
860 2351 931 2389 est
965 2351 1014 2388 et
1037 2340 1198 2388 Karoli
1230 2339 1352 2389 filius
1382 2340 1592 2400 biennis,
1628 2341 1778 2407 patris

332 2419 623 2468 vocabulum
640 2419 849 2479 habens,
872 2430 919 2468 et
936 2436 964 2467 a
982 2420 1253 2485 captivitate
1272 2419 1513 2468 liberatus.
1535 2418 1775 2469 Adalbero

332 2497 434 2562 regi
457 2496 760 2545 silvanectim
787 2498 966 2563 legatos
987 2498 1112 2545 otius
1147 2498 1316 2558 mittit3
1354 2497 1606 2564 quondam
1634 2498 1776 2546 amis-

332 2593 435 2625 sam
471 2576 641 2625 urbem
681 2577 781 2641 jam
824 2580 1096 2643 teceptam,
1127 2577 1356 2624 Karolum
1398 2593 1511 2624 cum
1546 2593 1696 2624 uxore
1726 2586 1775 2625 et

330 2656 454 2703 natis
478 2665 671 2721 captum
689 2692 701 2714 ,
731 2666 874 2721 atque
899 2655 1148 2703 Arnulfum
1183 2656 1309 2701 inter
1341 2655 1503 2702 hostes
1525 2654 1774 2703 inventum

331 2744 380 2781 et
406 2733 807 2799 comprehensum
844 2734 1057 2781 mandat.
1094 2732 1232 2779 Unde
1274 2742 1320 2779 et
1353 2733 1456 2780 sine
1489 2748 1627 2779 mora
1660 2748 1771 2779 cum

331 2821 658 2878 quotcumque
693 2814 841 2877 possit
878 2813 1049 2860 veniat.
1092 2811 1327 2859 Exercitui
1367 2810 1637 2875 colligendo
1668 2827 1771 2858 mo·
