1872 3372
373 280 451 320 128
872 275 1095 316 Ricnmu
1124 274 1224 317 Lm.
1258 275 1338 317 111.

371 382 578 428 nexum,
633 382 745 414 cum
794 365 956 413 electis
995 364 1200 413 militum
1246 364 1398 430 copiis
1443 363 1642 429 ingressi
1684 374 1813 413 sunt.

373 450 627 495 Annonam
653 461 850 493 omnem
875 445 1250 509 circumquaque
1283 442 1456 491 milites
1488 441 1704 508 palantes
1736 441 1821 492 ad·

370 535 559 573 vectare
577 524 806 572 fecerunt.
837 523 1198 587 Negotiator-um
1215 538 1412 588 quoque
1430 522 1584 569 victus
1603 521 1654 568 in
1677 537 1822 570 usum

372 603 598 652 bellicum
644 611 947 668 acceperunt.
993 602 1254 667 Lignorum
1293 599 1451 650 trabes
1500 616 1558 648 ex
1598 601 1823 665 Argonna

373 682 615 748 aggregari
645 681 890 745 jusserunt
923 690 975 727 ut
1009 680 1048 727 si
1082 678 1143 728 ab
1167 679 1388 728 hostibus
1421 687 1555 728 extra
1590 677 1824 727 machine

377 761 526 807 muris
565 758 944 825 applicarentur,
989 757 1079 824 ipsi
1109 774 1305 824 quoque
1336 758 1535 807 interius
1566 756 1827 806 obtinenti·

375 838 467 885 bus
500 837 734 886 machinis
771 836 962 884 obstare
994 836 1294 885 molirentur.
1332 838 1495 885 Crates
1525 852 1724 903 quoque
1757 835 1828 885 vi-

379 916 588 965 minibus
624 925 671 964 et
708 915 937 963 arborum
971 914 1222 964 frondibus
1265 914 1446 963 validas
1488 914 1823 977 intexuerunt,

379 995 614 1044 machinis
632 995 800 1043 erectis
818 1031 830 1055 ,
861 995 899 1042 si
915 1012 990 1043 res
1008 1004 1303 1062 exposceret,
1332 992 1763 1062 supersternendos
1786 993 1823 1042 ⁸.

379 1075 533 1123 Sudes
558 1074 684 1122 ferro
709 1074 1036 1135 acuminatos,
1070 1083 1118 1122 et
1144 1073 1254 1139 igne
1282 1071 1536 1134 subustos,
1566 1071 1631 1123 ad
1666 1070 1830 1122 hostes

372 1151 768 1207 ,transfodiendos
802 1150 1112 1218 quamplures
1145 1161 1446 1218 aptaverunt.
1490 1150 1683 1201 Missilia
1710 1151 1831 1201 varii

381 1235 566 1300 generis
599 1251 687 1299 per
719 1233 879 1282 fabros
912 1232 1185 1299 expediere.
1226 1237 1260 1281 F
1263 1234 1432 1281 unium
1468 1232 1663 1291 millena
1696 1231 1833 1284 volus

382 1314 515 1362 mina
548 1312 612 1360 ad
645 1330 760 1360 usus
787 1312 1003 1360 diversos
1036 1323 1380 1362 convexerunt.
1411 1311 1602 1379 Clipeos
1635 1327 1832 1378 quoque

382 1391 616 1440 habenda:
640 1390 867 1439 testudini
892 1389 1215 1451 ordinandos,
1251 1391 1576 1440 instituerunt.
1613 1392 1835 1440 Protei-es

314 1536 317 1538 q
384 1479 587 1517 centena
606 1470 776 1517 mortis
801 1479 1041 1518 tormenta
1066 1487 1167 1518 non
1192 1470 1403 1518 defuere.
1651 1486 1654 1490 ’

690 1722 787 1757 CIV.
803 1742 848 1748 —
861 1723 1023 1771 Repetito
1039 1726 1059 1747 *
1082 1724 1249 1760 Vir-duno
1259 1726 1279 1748 '¹
1297 1738 1318 1762 a
1333 1726 1518 1764 Lothario.

455 1842 744 1890 Nuntiantur
789 1843 891 1891 haec
955 1845 1198 1893 Lothario.
1269 1847 1364 1905 Qui
1416 1855 1604 1894 tantum
1657 1845 1841 1895 facinus

389 1920 616 1969 accidisse
663 1922 893 1970 acerrime
936 1923 1211 1988 indignatus
1224 1961 1236 1984 ,
1288 1925 1549 1973 exercitum
1588 1923 1839 1973 dimissum

390 2000 660 2057 revocavit;
712 2011 759 2048 et
803 2001 870 2049 sic
918 2018 1029 2049 cum
1070 2003 1239 2051 decem
1288 2004 1479 2053 milibus
1513 2013 1840 2071 pugnatorum

391 2078 663 2126 Virdunum
696 2080 857 2145 petiit,
908 2091 1051 2146 atque
1101 2082 1400 2131 adversarios
1444 2083 1723 2150 repentinus
1762 2100 1841 2149 ag-

389 2172 576 2222 gressus
605 2167 691 2205 est.
730 2158 891 2205 Primo
924 2159 1130 2225 impetu,
1178 2161 1448 2226 sagittarii²
1485 2170 1656 2210 contra
1678 2160 1842 2209 hostes

391 2235 599 2283 ordinati
639 2245 768 2283 sunt.
815 2237 1062 2302 Missaeque
1105 2240 1282 2304 sagittae
1317 2250 1365 2287 et
1399 2238 1695 2287 arcobalistae
1728 2254 1842 2287 cum

391 2314 494 2361 aliis
518 2314 774 2361 missilibus
801 2324 899 2362 tam
935 2315 1135 2364 densae
1124 2334 1172 2364 in
1210 2334 1320 2365 aere
1351 2316 1708 2378 discurrebant,
1737 2325 1791 2365 ut
1813 2333 1841 2364 a

391 2393 602 2442 nubibus
620 2393 795 2453 dilabi,
819 2404 1040 2460 terraque
1065 2413 1316 2461 exsurgere
1340 2396 1635 2444 viderentur.
1654 2398 1841 2446 Horum

391 2483 560 2522 contra
599 2473 856 2538 impeturn,
896 2474 1186 2522 testudinem
1220 2485 1331 2523 ante
1362 2492 1413 2523 se
1439 2485 1487 2523 et
1510 2492 1656 2543 super
1685 2473 1842 2564 capita

390 2550 554 2599 hostes
586 2567 726 2599 muro
757 2561 1013 2618 aptavere3
1050 2553 1100 2600 in·
1135 2570 1281 2618 quam
1318 2553 1456 2602 relisa
1490 2552 1710 2614 missilia,
1742 2552 1841 2602 ictu

442 2683 461 2704 ¹⁹
487 2683 532 2726 R,
552 2682 718 2718 Virduno
733 2684 822 2718 acb:
792 2697 859 2718 cau
865 2710 872 2718 .

443 2740 453 2759 ¹
480 2740 787 2787 supersternendas
801 2743 832 2774 1.

441 2797 456 2816 ²
481 2796 633 2843 sugitur-ii
653 2799 686 2831 1.
