1890 3380
377 259 430 297 62
877 256 1098 299 amnem
1130 256 1230 298 Lm.
1263 256 1342 297 111.

378 347 768 411 grammaticum3
814 346 877 395 ibi
920 348 1048 396 enim
1092 346 1192 394 haec
1234 348 1346 395 satis
1389 345 1817 413 habundanterque

379 433 572 473 tractata
597 425 820 473 inveniet.
1885 420 1890 446 ·’

574 1076 651 1112 Lv.
669 1096 718 1104 —
732 1077 840 1112 Fama
859 1075 1022 1111 Gerberti
1039 1088 1103 1124 per
1117 1076 1248 1111 Gallias
1264 1085 1298 1111 et
1315 1077 1452 1112 Italiam
1471 1076 1614 1113 diffusa.

443 1181 672 1231 Fervebat
698 1182 882 1241 studiis,
916 1198 1242 1247 numerusque
1265 1181 1613 1248 discipulorum
1639 1182 1690 1230 in
1720 1180 1822 1230 dies

377 1259 691 1308 accrescebat.
714 1263 899 1308 Nomen
918 1260 1062 1308 etiam
1088 1261 1205 1308 tanti
1225 1259 1437 1308 doctoris
1454 1259 1694 1309 ferebatur
1718 1247 1820 1308 non

377 1337 535 1385 solum
560 1355 647 1403 per
662 1338 836 1386 Gallias
858 1338 942 1386 sed
960 1338 1102 1386 etiam
1121 1355 1208 1403 per
1224 1338 1490 1386 Germaniae
1516 1335 1726 1404 populos
1751 1335 1822 1384 di-

378 1416 629 1465 latabatur.
651 1418 946 1482 Transiitque
970 1434 1057 1483 per
1082 1417 1239 1482 AlpeS,
1268 1432 1323 1463 ac
1349 1416 1634 1464 diffunditur
1660 1415 1711 1463 in
1736 1417 1821 1463 lta·-

379 1495 516 1556 liam,
550 1512 702 1561 usque
725 1495 1009 1543 Thirrenum
1034 1506 1081 1543 et
1109 1494 1415 1542 Adriaticum.
1446 1497 1556 1553 Quo
1581 1504 1817 1559 tempore,

379 1575 570 1622 Otricus
593 1575 642 1621 in
670 1574 874 1621 Saxonia
894 1574 1089 1638 insignis
1104 1571 1386 1620 habebatur.
1414 1573 1502 1620 Hic
1525 1588 1639 1620 cum
1666 1570 1821 1639 philo-

378 1652 519 1719 sophi
559 1653 734 1699 famam
772 1652 995 1711 audisset,
1039 1651 1402 1716 adverteretque
1434 1650 1569 1716 quod
1604 1651 1652 1698 in
1686 1651 1820 1698 omni

378 1730 726 1796 disputatione,
763 1740 864 1778 rata
903 1746 1064 1777 rerum
1100 1729 1334 1777 divisione
1369 1738 1608 1790 uteretur,
1653 1728 1822 1795 agebat

379 1808 510 1876 apud
525 1826 655 1870 suoS,
680 1819 733 1857 ut
750 1809 919 1875 aliquae
942 1825 1101 1856 rerum
1122 1808 1381 1857 divisarum
1401 1807 1579 1874 figurae,
1601 1807 1663 1856 ab
1681 1807 1822 1856 scolis

378 1888 655 1956 philosophi
671 1888 759 1936 sibi
778 1888 1092 1948 deferrentur,
1116 1898 1163 1935 et
1178 1888 1383 1936 maxime
1401 1886 1733 1953 phssosophiae,
1761 1903 1821 1935 eo

380 1966 514 2032 quod
550 1967 598 2013 in
629 1976 729 2013 rata
759 1966 861 2030 ejus
885 1965 1135 2024 divisione,
1175 1965 1474 2031 perpendere
1507 1965 1609 2031 ipse
1642 1963 1824 2013 facilius

379 2058 557 2113 posset,
580 2065 640 2096 an
661 2057 787 2095 recte
811 2048 849 2094 is
876 2057 1078 2112 saperet,
1101 2048 1185 2112 qui
1203 2047 1533 2114 philosophari
1547 2045 1817 2106 videbatur,

380 2137 545 2193 utpote
566 2127 615 2174 in
640 2144 699 2175 eo
717 2126 851 2192 quod
869 2126 1139 2174 divinarum
1157 2136 1205 2174 et
1227 2126 1551 2175 humanarum
1574 2124 1821 2174 scientiam

378 2205 646 2272 profitetur.
684 2206 902 2253 Directus
935 2206 1094 2270 itaque
1124 2216 1196 2253 est
1229 2208 1403 2253 Remos
1438 2207 1563 2253 Saxo
1595 2204 1817 2271 quidam,

379 2284 464 2349 qui
487 2283 549 2332 ad
574 2283 676 2331 haec
698 2283 950 2331 videbatur
967 2283 1186 2331 idoneus.
1210 2287 1254 2331 Is
1270 2301 1383 2332 cum
1398 2283 1539 2332 scolis
1556 2284 1819 2344 interesset,

378 2372 426 2410 et
440 2371 578 2410 caute
601 2379 830 2427 generum
854 2361 1111 2410 divisiones
1129 2379 1157 2410 a
1184 2362 1418 2410 Gerberto
1445 2362 1699 2429 dispositas
1724 2361 1824 2411 col-

378 2441 559 2506 ligeret,
590 2441 642 2489 in
666 2458 722 2489 ea
755 2452 915 2489 tamen
947 2442 1151 2489 maxime
1182 2441 1433 2502 divisione,
1468 2458 1574 2507 quae
1606 2441 1819 2508 philoso-

378 2520 542 2586 phiam
559 2520 622 2569 ad
636 2520 835 2587 plenum
852 2520 1036 2580 dividit,
1059 2520 1321 2585 plurimum
1340 2520 1511 2569 ordine
1528 2520 1706 2569 abusus
1728 2530 1814 2569 est.

1882 208 1890 222 .
1886 196 1890 198 ,
1866 0 1890 186 mov‘fflfl
