1872 3372
367 247 444 288 190
841 242 1061 284 mentitu
1093 243 1188 285 Lm.
1221 243 1290 285 lv.

996 376 1167 413 xxxvl.

430 477 869 543 Comprehensique
914 487 961 525 et
999 477 1282 526 Laudunum
1328 477 1487 537 ducti,
1524 474 1801 525 custodibus

365 556 578 623 deputati
619 565 745 604 sunt.
792 555 968 603 Karolo
999 555 1228 605 redeunte
1266 566 1314 604 et
1337 555 1482 605 fidem
1509 554 1571 603 ab
1594 555 1662 604 eis
1687 570 1802 621 que·

365 644 500 682 rente
517 670 529 693 ‚
558 633 846 681 unanimiter
867 632 1177 698 refragantur.
1213 631 1394 681 Odium
1423 649 1537 698 ergo
1564 631 1804 698 utrimque

365 712 615 770 simulant3
661 711 795 778 pium
841 711 1063 759 affectum
1100 710 1234 759 nullo
1276 710 1426 759 modo
1465 709 1694 777 produnt.
1733 707 1804 757 Ab

368 801 572 854 utroque
603 789 903 854 querimonia
938 788 1171 838 nonnulla
1208 788 1533 849 simulabatur,
1576 804 1635 836 eo
1670 786 1804 854 quod

366 868 483 916 alter
501 866 733 927 desertor,
768 865 885 914 alter
906 867 1096 914 invasor
1122 867 1312 916 alterius
1338 866 1399 916 ab
1424 876 1628 934 utroque
1655 882 1805 915 enun-

367 946 563 993 tiaretur
582 944 618 991 ⁴.
638 943 850 991 Tandem
868 942 1115 991 Arnulsus²
1132 953 1428 992 sacramento
1446 942 1592 991 fidem
1608 942 1801 1003 faciem,

367 1023 581 1071 libertate
599 1022 778 1089 potitus
806 1032 875 1069 est
899 1032 945 1069 et
974 1020 1036 1069 ad
1063 1038 1148 1070 sua
1178 1039 1408 1071 reversus.
1441 1020 1617 1071 Karolo
1634 1021 1807 1071 exinde

368 1103 415 1149 in
444 1100 669 1149 omnibus
697 1101 832 1159 favit,
860 1100 940 1165 jus
968 1117 1163 1166 quoque
1187 1100 1321 1161 fidei,
1355 1099 1455 1166 regi
1485 1099 1802 1159 servandum,

368 1181 556 1247 penitus
578 1179 782 1245 abrupit.
806 1181 865 1226 G.
888 1189 935 1227 et
964 1181 1022 1226 V.
1054 1195 1140 1245 per
1169 1178 1270 1228 dies
1295 1178 1478 1244 aliquot
1504 1193 1694 1227 camere
1725 1175 1828 1245 de-⁸

367 1260 512 1319 trusi,
543 1276 643 1306 non
682 1257 833 1306 multo
852 1268 962 1323 post
985 1269 1283 1306 sacramento
1311 1257 1503 1318 astricti,
1528 1256 1684 1307 redire
1699 1273 1807 1325 per-

368 1339 498 1386 missi
544 1348 669 1386 sunt.
720 1336 922 1384 Karolus
973 1354 1087 1402 ergo
1139 1337 1260 1385 felici
1301 1353 1522 1385 successu
1573 1336 1768 1402 insignis
1788 1371 1802 1397 ,

368 1419 625 1465 Remorum
663 1415 967 1482 metropolim
1002 1432 1114 1463 cum
1153 1415 1411 1475 Lauduno,
1443 1431 1499 1463 ac
1527 1415 1769 1464 Suesionis
1789 1450 1802 1476 ‚

366 1512 626 1560 earumque
649 1494 839 1561 oppidis
866 1495 1087 1560 optinuit.

744 1643 937 1678 XXXVII.
954 1662 1003 1670 —
1018 1644 1175 1691 Impetus
1189 1643 1210 1665 ¹*
1229 1643 1389 1691 Hugonis
1399 1645 1434 1678 ⁵.

432 1751 527 1796 Nec
553 1746 702 1795 defuit
731 1747 814 1811 qui
841 1745 891 1794 id
915 1746 977 1794 ad
1008 1747 1129 1812 regis
1158 1746 1175 1771 ⁸
1215 1763 1353 1795 aures
1381 1747 1660 1812 perferrent.
1699 1749 1806 1807 Qua

364 1844 448 1876 rex
478 1825 767 1876 contumelia
795 1824 1094 1891 perstrictus,
1123 1824 1242 1890 quid
1268 1824 1382 1872 inde
1414 1824 1655 1890 agendum
1683 1822 1806 1874 foret

363 1903 703 1954 sciscitabatur.
739 1902 1078 1968 Comperitque
1105 1918 1205 1949 non
1233 1901 1482 1968 precibus,
1516 1918 1617 1951 non
1641 1901 1800 1963 donis,

364 1984 449 2033 sed
477 1982 658 2031 viribus
682 1992 729 2030 et
753 1981 896 2029 armis
922 1981 1141 2029 invocata
1158 1981 1412 2030 Divinitate
1430 1981 1525 2030 hoc
1550 1997 1654 2031 esse
1675 1979 1804 2030 labe-

363 2060 654 2110 factandum.
678 2061 771 2124 Sex
794 2058 923 2106 milia
954 2059 1112 2123 itaque
1139 2058 1344 2107 militum
1367 2059 1574 2125 collegit,
1592 2059 1643 2108 in
1662 2059 1804 2108 tiran-

360 2157 479 2188 num
505 2140 573 2187 ire
599 2138 886 2204 disponens;
915 2135 1215 2184 obsidionem
1242 2137 1287 2185 ei
1312 2136 1543 2186 adhibere
1570 2138 1768 2204 cupiens
1783 2174 1798 2198 ,

357 2219 397 2266 si
414 2217 564 2283 copiae
581 2216 671 2263 sibi
687 2215 944 2276 sufficiant3
961 2224 1008 2262 et
1022 2215 1061 2262 si
1079 2215 1123 2263 ei
1142 2214 1249 2263 felix
1266 2215 1390 2263 adsit
1410 2215 1617 2277 fortuna,
1634 2215 1802 2265 tandiu

358 2291 408 2339 id
426 2290 724 2339 committere
741 2289 909 2337 volens
922 2325 934 2348 ,
959 2288 1116 2336 donec
1134 2299 1215 2337 aut
1241 2290 1384 2337 armis
1402 2299 1484 2338 aut
1501 2290 1661 2339 inedia
1688 2290 1801 2340 hos-

361 2380 459 2418 tem
487 2368 761 2435 praecipitet.
800 2367 1118 2415 Proficiscitur
1151 2385 1264 2432 ergo
1293 2369 1607 2433 magnanimis
1634 2379 1682 2418 et
1711 2386 1801 2435 per

359 2460 535 2497 terram
559 2446 688 2495 unde
714 2462 958 2494 annonam
987 2446 1149 2494 hostes
1177 2447 1510 2512 asportabant,
1540 2448 1798 2497 exercitum

407 2592 428 2613 *
454 2599 529 2634 tus,
551 2590 606 2624 nis
623 2589 762 2623 abscisa.

405 2649 415 2668 ⁸
439 2646 690 2695 praedicaretur
704 2658 803 2693 supra
813 2647 925 2693 posito
941 2646 1184 2681 enuntiaretur
1200 2645 1318 2681 codex.

402 2706 418 2725 ²
443 2703 627 2751 episcopus
643 2715 740 2750 supr-a
753 2702 863 2748 posito
883 2703 944 2735 Ar.
960 2701 1075 2736 codex.

406 2762 422 2781 ³
444 2772 565 2807 regum
581 2772 680 2806 supra
691 2760 803 2806 posito
821 2758 848 2792 is
866 2757 980 2792 codex.
