1872 3372
364 254 441 294 186
856 253 1077 296 memmi
1108 255 1208 297 L113.
1243 256 1317 297 IV.

478 380 637 417 XXXII.
653 400 700 409 -
714 381 821 426 Quod
847 382 996 431 ampliu·
1009 384 1103 431 justo
1120 385 1293 421 nai-olum
1313 385 1480 424 mulsu-
1498 383 1670 423 dinem-it.

424 483 518 541 Qui
540 499 650 529 cum
672 499 728 529 ex
747 492 876 531 tanta
894 475 1122 549 dignitate
1140 485 1421 551 procederet
1446 486 1656 551 insignis,
1677 485 1798 538 illud

360 570 520 607 tamen
545 560 787 607 infortunii
811 577 959 626 genus
982 561 1313 623 arbitrabatur,
1340 564 1473 629 quod
1505 564 1606 631 ipse
1629 580 1794 631 super-

359 658 452 696 stes
477 648 537 696 de
562 649 714 715 patrio
736 666 908 714 genere
931 651 1117 700 nullum
1134 662 1302 718 praeter
1324 653 1552 702 Karolum
1570 652 1791 702 habebat.

361 728 675 774 Miserrimum
705 745 900 794 quoque
930 729 1020 778 sibi
1050 729 1223 791 videri,
1263 731 1301 779 si
1330 731 1370 780 is
1397 731 1584 780 honore
1609 732 1799 780 fluam-

361 815 505 863 retur‚
539 805 589 852 in
627 822 725 871 quo
760 806 864 856 solo
901 824 1008 873 spes
1043 808 1323 857 restituendi
1357 826 1506 875 genus
1543 819 1797 877 paternum

362 884 448 930 sita
467 883 603 933 foret.
634 886 808 933 Patruo
833 886 992 950 itaque
1010 886 1365 948 miserescebat3
1393 887 1527 936 illum
1541 885 1795 953 cogitabat,

363 961 497 1010 illum
521 961 732 1023 colebat,
762 963 898 1012 illum
925 981 1014 1030 pro
1038 966 1314 1031 parentibus
1339 966 1634 1015 carissimum
1655 964 1801 1015 habe-

362 1041 459 1088 bat.
504 1042 641 1107 Apud
674 1059 819 1107 quem
853 1043 1028 1092 collato
1064 1044 1290 1105 consilio,
1317 1043 1548 1110 querebat
1586 1060 1800 1111 quonam

364 1118 512 1167 modo
539 1120 588 1167 in
612 1120 803 1169 culmen
831 1121 1031 1170 honoris
1057 1122 1193 1171 illum
1223 1122 1489 1189 provehere
1517 1131 1707 1189 posset,
1733 1123 1801 1172 sic

366 1211 523 1250 tamen
550 1212 603 1251 ut
620 1203 721 1269 ipse
739 1204 862 1269 regis
881 1204 1097 1253 desertor
1120 1221 1221 1254 non
1238 1215 1503 1272 appareret.

787 1341 965 1377 xxxin.
978 1362 1027 1370 —
1037 1343 1231 1379 Remorum
1247 1342 1378 1391 captio.

431 1443 575 1507 Cujus
593 1444 661 1491 rei
678 1445 911 1492 rationem
929 1445 994 1493 sic
1015 1444 1117 1493 fieri
1145 1444 1475 1505 arbitrabatur,
1511 1453 1565 1493 ut
1580 1453 1804 1494 statuem-

367 1531 445 1569 tur
468 1522 479 1546 ‘
506 1531 695 1589 tempus
726 1540 823 1588 quo
855 1523 1082 1590 primates
1112 1532 1232 1589 quot
1260 1532 1422 1589 posset
1437 1558 1451 1583 ,
1488 1523 1538 1570 in
1565 1520 1685 1570 urbe
1707 1523 1804 1571 acui

367 1598 545 1664 aliquid
565 1617 791 1666 magnum
810 1600 1114 1649 ordinaturus
1130 1601 1230 1667 ipse
1243 1599 1501 1665 colligeret.
1513 1601 1646 1647 Tunc
1662 1599 1806 1647 etiam

368 1676 569 1724 Karolus
590 1694 676 1743 per
693 1678 845 1726 noctis
863 1678 1046 1726 silentia
1061 1695 1172 1726 cum
1192 1678 1398 1726 exercitu
1416 1676 1478 1724 ad
1495 1685 1657 1743 portas
1674 1674 1806 1725 urbis

366 1754 626 1803 adveniret.
644 1758 740 1804 Nec
759 1767 872 1804 tunc
891 1756 1074 1805 deesset
1088 1757 1171 1822 qui
1188 1755 1412 1805 exercitui
1430 1755 1625 1804 irruenti
1642 1765 1806 1822 portas

367 1834 615 1897 panderet,
638 1835 821 1899 juratus
843 1837 1010 1884 secreti
1028 1835 1174 1884 fldem
1189 1835 1227 1882 ².
1252 1835 1494 1883 Exercitus
1510 1834 1808 1882 intromissus

370 1910 538 1959 urbem
564 1913 823 1973 invaderet,
853 1924 997 1979 atque
1020 1930 1122 1962 sese
1152 1930 1264 1961 cum
1291 1912 1572 1979 primatibus
1595 1911 1807 1961 collectis

369 1990 820 2056 comprehenderet,
859 1993 955 2041 vim
984 1992 1178 2041 inferret
1191 2029 1204 2053 ‚
1241 2008 1297 2040 ac
1337 1990 1572 2057 ergastulo
1595 1990 1613 2016 ⁸
1643 1989 1806 2040 detru-

370 2067 519 2116 deret.
549 2072 711 2135 Itaque
739 2070 915 2118 sactum
945 2070 1097 2129 foret,
1134 2081 1186 2118 ut
1212 2081 1259 2119 et
1288 2071 1415 2135 regia
1447 2079 1655 2136 potestas
1678 2068 1808 2118 infir-

370 2158 596 2208 maretur,
625 2159 671 2196 et
698 2160 869 2215 patruo
896 2150 1044 2197 virtus
1072 2149 1355 2197 dominandi
1379 2157 1680 2213 augesceret,
1718 2165 1814 2198 nec,

371 2225 471 2291 ipse
493 2226 708 2276 desertor
734 2228 991 2299 videretur.
1022 2227 1167 2286 Quod
1191 2238 1239 2276 et
1265 2227 1487 2276 effectum
1510 2225 1696 2274 habuit.

1002 2361 1160 2396 XXXIV
1167 2388 1174 2395 .

435 2458 494 2502 G.
525 2466 571 2502 et
594 2458 652 2502 V.
682 2456 904 2514 comites,
931 2466 1072 2519 atque
1097 2455 1214 2502 alios
1239 2456 1365 2502 viros
1393 2454 1668 2503 consulares
1691 2454 1707 2478 ⁴
1737 2454 1813 2501 in«

421 2590 432 2610 ¹
458 2596 648 2624 statuet-tur
664 2588 779 2623 codex.

419 2649 435 2669 ⁸
459 2657 630 2684 secretum
647 2648 717 2683 hoc
729 2661 921 2696 numquam
937 2647 1161 2696 proditurum
1181 2647 1301 2683 deleta.

419 2709 435 2741 'Q
455 2708 612 2746 ermodie
629 2723 726 2757 supra
743 2712 854 2758 posito
869 2710 1040 2757 ergastulo
1059 2709 1173 2743 codex.

420 2785 434 2805 ⁴
464 2798 532 2821 .uc.
