1872 3372
369 282 424 323 7⁴
864 276 1086 320 menum
1119 276 1216 319 Lm.
1249 276 1330 317 111.

398 401 536 438 LXIII.
566 420 614 429 —
633 399 743 445 Quod
771 411 845 435 non
873 397 994 433 omnin
1021 395 1167 432 nomina
1194 408 1378 433 mmmm
1408 382 1797 445 singulis‘diet‘nonibm

988 461 1198 497 effen-unm.

438 559 700 610 Get-bertus
719 573 915 624 quoque
939 575 949 604 ε
975 576 998 603 «
1024 558 1132 604 Non
1156 572 1327 605 omnes
1353 575 1379 602 »
1403 556 1558 622 inquit
1584 575 1608 601 «
1638 570 1820 615 muse,

376 661 399 685 u
430 655 531 688 uno
553 638 714 687 valent
736 637 935 685 nomine
962 634 1183 701 profem-i.
1213 634 1406 683 Etenim
1430 650 1543 683 cum
1573 650 1602 683 a
1623 632 1825 683 Platone

375 738 400 764 «
430 733 574 767 causa
594 715 739 766 ebetati
770 714 940 764 mundi
966 731 1067 764 non
1094 729 1190 763 una
1211 713 1297 764 sed
1317 713 1470 765 tribus
1496 711 1791 763 dictionil'ms
1808 750 1820 774 ‚

377 817 401 842 «
428 796 559 845 bona
583 795 671 844 Dei
695 794 918 844 voluntas
943 792 1182 842 declarata
1211 794 1287 853 sit,
1320 801 1509 842 constat
1531 791 1658 843 hanc
1678 783 1823 842 creati

377 897 400 920 «
429 873 599 924 mundi
620 890 832 935 causam,
868 889 967 921 non
993 872 1128 922 aliter
1149 874 1363 940 potuisse
1392 871 1611 939 proferri.
1642 864 1764 922 Nam
1788 873 1826 921 si

378 975 402 1000 «
430 953 625 1003 dixisset
648 954 946 1002 voluntatem
965 968 1159 1003 causam
1178 969 1280 1001 esse
1300 949 1495 1012 mundi,
1516 967 1619 1006 non
1635 939 1686 1000 id
1702 950 1828 1003 esset

377 1055 399 1078 «
430 1049 755 1098 consequens3
784 1031 1007 1098 quaelibet
1039 1032 1170 1080 enim
1205 1030 1450 1097 voluntas,
1489 1030 1539 1081 id
1561 1046 1664 1080 esse
1692 1029 1826 1080 vide-

376 1134 399 1158 «
427 1122 576 1172 retur,
598 1111 733 1177 quod
746 1127 848 1162 non
863 1110 1098 1178 procedit.
1123 1130 1147 1155 »
1168 1113 1320 1176 Atque
1333 1109 1412 1159 hic
1429 1109 1624 1165 otricus
1641 1126 1658 1159 τ
1679 1127 1704 1157 κ
1725 1109 1777 1165 Si
1800 1129 1824 1163 »a

374 1192 528 1257 inquit
552 1211 575 1238 «
600 1191 689 1239 Dei
719 1190 1019 1239 voluntatem
1047 1206 1243 1238 causam
1271 1188 1456 1237 conditi
1485 1186 1658 1251 mundi
1691 1186 1831 1244 dixis·

376 1290 399 1315 «
427 1279 522 1330 set,
549 1268 743 1317 brevius
759 1268 957 1334 quidem
974 1277 1022 1316 et
1040 1266 1330 1315 sufficienter
1348 1265 1534 1314 dictum
1550 1264 1692 1326 font,
1715 1281 1831 1316 eum

377 1369 401 1394 «
428 1365 697 1414 numquam
716 1348 805 1395 nisi
830 1347 961 1395 bona
981 1346 1121 1395 fuerit
1156 1347 1244 1394 Dei
1277 1344 1520 1393 voluntas.
1556 1337 1668 1393 Non
1698 1344 1830 1394 enim

378 1447 401 1472 α
431 1437 502 1475 est
517 1427 601 1492 qui
619 1425 799 1474 abnuat
813 1425 996 1473 bonam
1016 1442 1117 1474 esse
1135 1425 1223 1473 Dei
1243 1422 1561 1472 voluntatem.
1590 1440 1616 1469 »ι
1634 1425 1696 1472 Et
1713 1425 1831 1473 Geta

374 1505 539 1554 bertus
567 1524 576 1552 :
609 1525 631 1550 ι(
664 1506 717 1552 ln
745 1505 842 1553 hoc
871 1525 895 1550 »
924 1506 1079 1570 inquit
1104 1525 1128 1549 «
1161 1503 1352 1570 penitus
1387 1518 1488 1552 non
1526 1501 1825 1551 conmdioo.

379 1605 401 1628 «
432 1583 526 1631 Sed
542 1583 676 1644 vide;
697 1584 809 1648 quia
835 1594 1026 1631 constat
1049 1586 1206 1631 Deum
1234 1581 1501 1630 substantia
1519 1579 1832 1631 solummodo

379 1682 402 1706 «
432 1661 619 1710 bonum
634 1657 652 1721 ,“
690 1661 954 1726 quamlibet
990 1678 1106 1710 vero
1147 1669 1417 1709 creaturam
1463 1656 1831 1727 participatione

379 1758 403 1783 «
431 1738 638 1800 bonam,
684 1739 748 1788 ad
778 1740 880 1804 ejus
909 1750 1091 1788 naturae
1123 1739 1402 1807 qualitatem
1434 1739 1828 1808 exprimendam,

380 1838 404 1862 «
433 1817 565 1866 bona
603 1817 823 1866 additum
853 1828 950 1878 est,
976 1818 1111 1884 quod
1135 1819 1187 1866 id
1207 1818 1309 1883 ejus
1329 1818 1831 1884 proprimn1›sit,-non

380 1913 405 1938 «
432 1894 576 1941 etiam
611 1893 864 1958 cujuslibet
897 1905 1139 1943 creaturae.
1184 1894 1399 1942 Tandem
1438 1892 1833 1965 quioqttidff¹illud

379 1990 404 2016 «
433 1973 515 2031 sit,
552 1972 602 2019 id
637 1974 742 2021 sine
775 1973 925 2021 dubio
963 1983 1176 2034 constat,
1223 1990 1329 2021 non
1377 1973 1543 2022 omnia
1572 1975 1833 2024 σιώπααι

380 2069 403 2095 «
432 2050 632 2099 nomina
663 2067 760 2099 una
787 2051 999 2100 dictione
1030 2052 1232 2119 proferri
1258 2069 1415 2119 posse.
1441 2055 1560 2112 Quat¹
1585 2052 1727 2106 enim
1744 2051 1834 2101 'tibi

381 2149 404 2173 ‹
432 2128 616 2177 umbrae
641 2145 784 2178 causa
813 2130 1032 2179 videtur?
1058 2149 1120 2180 an
1151 2132 1252 2180 haec
1272 2148 1370 2180 una
1395 2130 1620 2207 dictione
1631 2119 1832 2207 indicari

381 2228 405 2251 α
434 2206 588 2256 valet?
621 2227 644 2251 υ

691 2316 824 2352 Lxrv.
841 2337 891 2344 —
904 2317 993 2361 Quo
1009 2319 1032 2340 ⁵*
1056 2317 1100 2351 nit
1114 2318 1136 2338 ⁴*
1158 2329 1261 2352 causa
1276 2320 1298 2341 ⁴
1325 2317 1463 2353 umbra
1478 2319 1513 2352 ⁵.

449 2437 475 2464 «
501 2418 597 2467 Sed
634 2417 744 2467 dico
774 2419 958 2468 umbrae
988 2437 1183 2469 causam
1208 2438 1310 2470 esse
1344 2438 1521 2487 corpus
1549 2415 1648 2472 luci
1671 2421 1834 2490 objec-

382 2517 406 2541 «
436 2507 556 2545 tum.
590 2501 743 2563 Atque
773 2498 876 2546 haec
908 2499 1101 2567 brevius
1134 2500 1269 2547 nullo
1297 2500 1446 2548 modo
1480 2501 1575 2549 dici
1605 2501 1746 2568 valet7
1781 2504 1831 2551 Si

385 2594 410 2619 α
439 2575 570 2623 enim
589 2592 767 2642 corpus
784 2577 967 2625 umbrae
986 2594 1180 2626 causam
1199 2578 1390 2640 dixeris,
1414 2579 1557 2641 nimis
1570 2570 1832 2639 comune

384 2674 409 2700 «
436 2654 692 2720 protulisti.
717 2656 862 2715 Quod
885 2658 924 2704 si
941 2673 1118 2723 corpus
1133 2657 1378 2723 objectum
1399 2657 1622 2721 voluer'n,
1644 2657 1696 2707 id
1710 2675 1832 2725 quo-

430 2821 448 2837 *
473 2831 547 2861 uae,
571 2820 635 2862 sit,
658 2834 699 2862 a,
722 2821 826 2854 umbr
849 2821 989 2854 abscisa.
