1890 3380
373 247 418 285 12
850 243 1067 285 memini
1099 242 1197 285 1218.
1236 243 1313 286 111.

366 335 571 403 ‹lomipae
620 335 985 381 ferventissimus
1033 332 1197 402 tendit.
1255 337 1470 397 Eumque
1521 334 1784 398 ingaunis,

367 422 564 460 matrem
603 429 712 459 cum
746 411 935 459 duobus
968 411 1089 459 natis
1124 410 1502 477 comprehendit.
1553 409 1640 458 Alii
1674 425 1789 461 vm

365 491 655 539 ornamentis
685 490 980 556 asportandis
1005 488 1296 538 insistebant.
1336 487 1712 555 Comprehendit
1744 498 1793 537 et

367 567 534 615 milites
569 566 896 633 oppidumque
932 565 1191 614 succendit.
1226 569 1336 624 Quo
1363 565 1615 614 combusto
1631 601 1644 625 ,
1681 581 1792 614 cum

365 645 560 693 domina
585 655 632 693 et
656 646 798 706 natis,
832 644 1152 710 militibusque
1180 643 1561 710 comprehensis,
1593 643 1655 692 ad
1681 643 1795 710 regi-

366 740 478 772 nam
500 724 789 789 Gerbergam
816 740 1031 772 reversus
1058 733 1145 772 est.

1057 837 1104 873 X.

429 924 572 984 Quod
599 927 866 989 Ragenerus
883 924 1204 997 comperiens,
1234 934 1364 972 tanta
1388 923 1668 972 necessitate
1683 921 1798 971 duc·

367 1013 464 1063 tus,
503 1008 801 1062 Brunonem,
833 1002 1024 1050 fratrem
1050 1003 1249 1068 reginae,
1271 1001 1505 1068 postulat,
1529 1010 1582 1049 ut
1611 1009 1797 1049 mature

365 1080 658 1144 colloquium
691 1097 789 1144 quo
820 1079 985 1143 jubeat
1019 1080 1179 1145 regina
1210 1080 1540 1139 constituatur,
1579 1075 1664 1126 ubi
1698 1077 1798 1145 ipse

367 1174 561 1204 uxorem
605 1167 651 1204 et
699 1167 835 1204 natos
870 1158 1063 1223 recipiat
1102 1167 1149 1204 et
1190 1157 1349 1221 regina
1389 1155 1514 1203 aedes
1545 1165 1593 1204 et
1622 1154 1798 1222 praedia

365 1245 585 1283 resumat.
615 1234 759 1292 Quod
780 1235 923 1282 etiam
939 1243 1114 1282 statuto
1134 1244 1349 1299 tempore
1368 1232 1545 1281 factum
1561 1243 1649 1282 est.
1678 1235 1797 1281 Nam
1820 1275 1825 1279 .

363 1316 534 1363 habitis
570 1316 806 1380 utrimque
838 1314 1122 1374 rationibus,
1160 1315 1321 1379 regina
1353 1331 1381 1362 a
1407 1315 1596 1363 tiranno
1625 1312 1801 1381 pradia

367 1396 566 1462 recepit,
600 1407 647 1444 et
669 1398 767 1462 ipse
794 1412 993 1444 uxorem
1017 1405 1065 1443 et
1090 1405 1249 1455 natos,
1268 1394 1534 1459 militesque
1555 1394 1742 1444 reduxit
1760 1394 1796 1442 '.

1041 1500 1108 1535 XI.

435 1588 516 1635 His
548 1589 609 1635 ita
651 1587 816 1652 gestis,
861 1586 1094 1634 Robertus
1131 1589 1385 1633 Trecarum
1424 1585 1669 1652 princeps,
1712 1588 1802 1634 He-

368 1666 530 1714 riberti
569 1667 741 1713 tiranni
780 1665 903 1712 filius
920 1703 932 1725 ‚
978 1665 1191 1730 Hugonis
1229 1681 1344 1712 vero
1387 1663 1591 1712 abdicati
1632 1663 1798 1725 frater,

371 1745 593 1792 Lothario
621 1745 718 1808 regi
747 1744 967 1808 injuriam
995 1743 1086 1791 hac
1110 1753 1208 1790 arte
1242 1742 1434 1789 molitus
1457 1751 1543 1790 est.
1584 1744 1801 1791 Castrum

369 1823 550 1887 regium
588 1822 720 1887 quod
757 1823 932 1869 Divion
959 1821 1153 1882 dicitur,
1192 1837 1328 1868 secus
1355 1822 1585 1868 Oscaram
1617 1829 1803 1869 torren-

371 1907 465 1943 tem
485 1895 756 1956 conditum,
785 1895 934 1943 multa
957 1895 1214 1961 cupiditate
1240 1893 1449 1954 sitiebat,
1477 1910 1536 1942 eo
1560 1893 1696 1960 quod
1717 1910 1805 1962 per

370 1991 481 2021 eum
508 1975 546 2021 si
571 1974 621 2021 id
645 1974 820 2022 habere
843 1984 1027 2040 posset,
1064 1973 1295 2039 optimam
1315 1971 1596 2037 Burgundiae
1619 1981 1804 2039 partem

370 2051 431 2098 ad
457 2068 599 2098 suum
619 2052 697 2115 jus
722 2052 922 2099 transire
945 2069 1084 2118 posse
1109 2051 1437 2099 arbitrabatur.
1476 2050 1616 2098 Illum
1645 2051 1805 2117 itaque

370 2130 453 2193 qui
488 2139 642 2176 castro
684 2146 882 2195 praeesse
914 2128 1180 2190 videbatur,
1218 2129 1279 2176 de
1315 2129 1575 2194 transfugio
1610 2128 1672 2178 ad
1702 2145 1806 2178 sese

370 2224 456 2272 per
488 2207 663 2271 legatos
696 2207 969 2273 alloquitur,
1007 2208 1214 2273 plurima
1240 2207 1511 2273 spondens,
1551 2217 1600 2256 et
1623 2207 1806 2271 majora

371 2284 460 2332 sub
479 2285 789 2349 jurejurando
822 2285 1069 2351 pollicens.
1103 2285 1241 2351 Apud
1275 2301 1434 2350 regem
1463 2301 1658 2351 quoque
1685 2285 1807 2334 mul-

373 2372 469 2409 tam
503 2380 663 2411 rerum
695 2364 908 2429 inopiam
946 2380 1157 2411 asserens
1174 2400 1187 2423 ,
1228 2364 1357 2429 apud
1390 2380 1491 2412 sese
1527 2380 1643 2412 vero
1675 2363 1805 2412 suffi-

373 2441 549 2488 cientes
586 2457 727 2507 opes,
770 2441 948 2507 oppida
987 2441 1217 2489 nonnulla
1236 2478 1248 2502 ,
1294 2442 1481 2507 aliaque
1520 2440 1806 2491 desiderabi-

374 2518 490 2565 lium
509 2519 707 2583 insignia
724 2519 1135 2567 vehementissime
1154 2530 1435 2585 protestans.
1467 2523 1599 2568 Tunc
1617 2519 1808 2584 juvenis

375 2614 533 2644 rerum
551 2597 774 2663 cupidine
790 2608 977 2663 captus,
1008 2591 1095 2662 pro
1119 2599 1375 2662 transfugio
1396 2598 1664 2647 mercedem
1682 2615 1806 2663 quae·

424 2759 432 2778 ¹
461 2761 542 2799 Hic,
562 2761 654 2803 signo
671 2759 834 2793 imlimnlc
849 2786 855 2797 ,
881 2760 987 2807 aliqua
1009 2758 1113 2792 'lca-sic
1141 2758 1300 2793 ridentur.
