1872 3372
387 260 464 298 176
864 255 1082 296 menum
1113 253 1212 295 ΗΒ.
1245 254 1316 294 IV.

383 356 432 393 et
449 344 567 393 urbe
593 344 766 392 tuenda
791 346 1088 410 interrogati,
1117 344 1263 392 iidem
1285 344 1471 408 jurant,
1503 340 1632 390 urbis
1654 341 1812 390 tuitio-

385 440 496 472 nem
523 423 824 490 pollicentur.
847 424 1032 483 Quibus
1066 432 1360 472 sacramento
1393 421 1613 480 astrictis,
1652 419 1813 487 eisque

383 501 597 550 libertate
634 502 837 566 eligendi
870 502 1054 550 domini
1086 518 1230 567 quem
1262 501 1438 550 vellent
1469 499 1530 548 ab
1562 515 1672 565 rege
1694 514 1815 548 oon-

383 596 512 628 cessa
525 616 538 640 ,
561 597 641 627 rex
659 579 720 628 ab
737 580 805 628 eis
822 580 1030 628 dimotus
1055 579 1281 628 Parisium
1298 578 1503 627 devenit.

539 772 656 806 XXV.
678 791 727 799 —
741 771 933 816 Quomodo
950 772 1116 808 Arnulfm
1126 772 1147 795 ¹¹
1162 771 1499 820 archiepiscopatum
1509 771 1531 794 ⁶
1551 770 1662 818 petiit.

455 868 544 915 Ubi
570 885 682 916 cum
709 867 770 916 de
805 867 1080 917 liberalitate
1105 878 1153 917 et
1176 868 1272 917 fide
1305 869 1478 916 civium
1515 867 1818 916 Remensium

386 947 516 994 laetus
534 957 816 1007 moraretur,
840 947 1060 995 Arnulfus
1077 946 1285 995 Lotharii
1301 946 1423 994 filius
1440 963 1527 1012 per
1542 944 1780 1011 quosdam
1799 945 1811 969 ⁴

386 1025 508 1088 regis
525 1025 774 1091 stipatores
799 1024 860 1072 ab
884 1041 993 1090 rege
1019 1024 1345 1091 episcopatum
1369 1022 1642 1089 expetebat,
1664 1025 1820 1072 Karo-

387 1103 486 1149 lum
505 1120 698 1168 quoque
724 1113 949 1169 patruum
973 1120 1075 1151 sese
1099 1102 1398 1151 deserturum
1422 1101 1645 1162 mandat,
1674 1101 1821 1150 fidem

386 1179 618 1244 spondet3
665 1180 882 1245 regisque
917 1179 1139 1244 injuriam
1175 1179 1414 1239 ulturum;
1457 1188 1624 1227 contra
1658 1178 1830 1246 hostes·

385 1258 527 1304 etiam
556 1258 676 1323 regis
706 1258 911 1324 plurima
942 1259 1158 1306 nisurum
1181 1276 1192 1305 ι
1222 1257 1391 1306 urbem
1421 1256 1730 1318 Laudunum,
1758 1257 1821 1306 ab

385 1335 601 1384 hostibus
628 1353 897 1403 pervasam,
926 1338 975 1385 in
1003 1337 1136 1386 brevi
1167 1336 1482 1385 redditurum.
1523 1336 1653 1402 Regii
1682 1337 1824 1403 stipa·

386 1425 514 1462 tores
544 1414 704 1475 laetati,
740 1417 1066 1483 episcopatum
1092 1415 1271 1482 petenti
1295 1432 1439 1482 quam
1460 1416 1555 1464 cito
1588 1414 1691 1463 dari
1717 1431 1823 1464 sua·

387 1491 528 1554 dent,
552 1494 651 1559 regi
675 1494 740 1541 nil
764 1494 1062 1561 perditurum
1089 1505 1369 1555 asserentes,
1397 1495 1436 1542 si
1460 1493 1549 1543 sibi
1566 1493 1823 1543 militaturo

388 1580 435 1618 et
462 1569 606 1618 fidem
639 1582 882 1620 servaturo
915 1573 1046 1637 quod
1074 1573 1192 1638 petit
1223 1572 1459 1637 largiatur.
1498 1571 1648 1620 Multo
1681 1571 1823 1621 etiam

387 1647 477 1695 sibi
512 1649 838 1714 profuturum,
868 1651 907 1698 si
936 1650 986 1698 id
1018 1650 1183 1709 faciat,
1213 1650 1346 1716 quod
1378 1667 1489 1698 cum
1522 1649 1700 1698 factum
1734 1650 1819 1710 sit,

389 1727 606 1774 omnium
634 1728 834 1776 salutem
867 1729 1066 1777 affectet.
1101 1732 1198 1777 Rex
1221 1746 1389 1777 eorum
1422 1727 1720 1777 suasionibus
1741 1727 1826 1776 ad·

390 1807 666 1870 quiescens,
711 1810 884 1855 Remos
915 1808 1132 1870 devenit,
1171 1808 1352 1856 civibus
1384 1808 1510 1856 hanc
1544 1808 1823 1875 petitionem

391 1894 668 1933 ostensurus
683 1923 696 1946 ,
745 1903 807 1933 ne
852 1886 1084 1934 malefidae
1134 1887 1402 1953 sponsionis
1452 1895 1694 1935 teneretur
1738 1885 1825 1934 ob-

391 1979 574 2010 noxius.

665 2058 802 2093 XXVI.
819 2079 867 2086 —
881 2060 1004 2095 Oratio
1021 2061 1109 2108 regis
1119 2060 1161 2084 *³¹*
1177 2060 1223 2096 ad
1242 2061 1333 2096 cives
1349 2061 1547 2096 Remenses.

457 2157 516 2202 Et
551 2156 774 2204 omnibus
809 2159 1069 2219 accersitis,
1102 2159 1168 2206 sic
1201 2159 1389 2207 locutus
1414 2160 1512 2207 ait:
1538 2178 1562 2204 α
1585 2157 1826 2217 Quoniam

396 2251 418 2276 α
448 2231 559 2280 fidei
579 2245 879 2283 exsecutores
899 2253 984 2283 vos
999 2236 1224 2302 probavi,
1252 2253 1341 2285 nec
1358 2253 1436 2284 me
1454 2253 1483 2284 a
1501 2235 1596 2284 fide
1619 2234 1826 2284 alienum

395 2330 419 2354 «
449 2312 771 2377 experiemini.
795 2317 915 2361 Cum
943 2316 1070 2363 enim
1099 2317 1158 2364 sit
1185 2316 1327 2377 fides,
1355 2333 1467 2364 cum
1493 2315 1628 2381 quod
1656 2314 1828 2363 dicitur

396 2408 420 2434 «
450 2388 525 2449 fit,
546 2391 659 2455 quia
674 2409 761 2439 vos
779 2392 829 2439 id
848 2394 1010 2442 fecisse
1027 2396 1253 2460 perspitio
1267 2432 1279 2455 ,
1302 2406 1349 2443 et
1366 2412 1445 2443 me
1462 2395 1652 2461 penitus
1669 2393 1828 2442 obsen

395 2486 419 2510 κ
449 2484 580 2515 vasse
600 2467 728 2516 idem
747 2469 909 2517 fateor.
943 2471 1158 2520 Arnulfus
1186 2473 1305 2520 divae
1324 2472 1597 2520 memoriae²
1620 2470 1827 2520 Lotharii

439 2600 461 2622 ³*
485 2600 670 2644 Amulfus,
690 2602 806 2644 archi,
828 2616 861 2637 m
882 2604 1020 2638 abscisa.

439 2655 481 2678 ⁴¹*
502 2656 591 2702 regis
608 2655 777 2691 abscisum.

441 2713 451 2733 ¹
478 2725 542 2759 per
562 2713 672 2747 burch
695 2714 846 2748 deletum.

438 2770 454 2789 ²
476 2770 519 2803 Ι).
541 2770 591 2804 Μ.
