1872 3372
387 280 441 320 92
868 279 1088 321 menam
1122 279 1219 321 LIB.
1250 280 1329 320 111.

387 370 656 416 Germanus
675 368 869 417 tandem
889 369 1037 418 telum
1051 369 1304 434 jaculatae,
1327 368 1448 417 Galli
1473 368 1681 435 clipeum
1696 370 1826 434 gravi

388 447 482 495 ictu
511 447 784 513 pertundit,
808 447 1062 513 gladioque
1088 447 1263 495 educto
1282 465 1393 495 cum
1426 463 1593 512 urgere
1612 447 1823 508 instaret,

385 544 413 576 a
437 528 575 577 Gallo
601 546 712 577 mox
738 529 833 577 telo
862 530 1109 596 obliquato
1135 530 1374 590 confixus,
1404 540 1547 595 atque
1573 530 1668 578 vita
1690 530 1702 555 ⁴
1729 531 1827 598 pri-

387 618 522 656 vatus
552 619 638 656 est.
662 608 827 657 Gallus
859 610 1054 658 victoria
1080 610 1283 676 potitus,
1306 609 1368 657 ab
1385 609 1524 657 hoste
1544 618 1677 675 rapta
1695 625 1828 657 arma

384 687 669 752 asportavit,
702 698 846 753 atque
873 687 985 736 duci
1013 687 1199 736 obtulit.
1225 689 1307 736 Vir
1328 688 1460 736 fortis
1478 689 1727 754 praemium
1743 704 1829 754 pe-

385 765 454 811 tiit
473 775 519 812 et
537 766 735 831 accepit.

505 895 692 931 Lxxvll.
705 916 754 924 -—
765 897 906 932 Ottonis
924 910 944 931 a
966 896 1081 932 Gallia
1091 898 1112 919 ⁴
1127 896 1296 944 digressio
1313 909 1527 944 suorumque
1538 900 1557 920 ⁸¹
1579 898 1660 945 fuga
1671 899 1704 931 ⁵.

449 991 564 1037 Otto
591 990 839 1038 Gallorum
866 991 1126 1039 exercitum
1160 992 1335 1038 sensim
1367 990 1524 1055 colligi
1557 1006 1656 1039 non
1693 991 1827 1056 igno-

384 1084 494 1116 rans
508 1104 520 1128 ,
552 1086 693 1116 suum
717 1070 862 1117 etiam
885 1079 983 1117 tam
1009 1069 1155 1134 longo
1173 1070 1344 1117 itinere
1360 1085 1508 1134 quam
1523 1067 1737 1118 hostium
1752 1069 1826 1117 in·

383 1163 525 1194 cursu
561 1164 703 1213 posse
742 1149 895 1195 minui
931 1149 1084 1196 sciens
1099 1185 1112 1208 ‚
1154 1147 1311 1195 redire
1346 1147 1582 1214 disponit3
1622 1157 1671 1196 et
1705 1146 1827 1196 datis

383 1224 527 1290 signis
557 1235 712 1273 castra
747 1236 1047 1273 amoverunt.
1093 1226 1317 1291 Angarias
1340 1242 1537 1291 quoque
1560 1224 1827 1274 accelerare

383 1301 536 1349 moliti
557 1313 695 1363 sunt3
727 1304 996 1368 amotisque
1028 1304 1282 1363 omnibus,
1314 1303 1448 1352 ibant
1472 1319 1573 1351 non
1600 1303 1823 1369 segniter,

381 1395 472 1427 nec
500 1380 602 1428 sine
621 1390 771 1428 metu.
796 1384 969 1428 Axonae
988 1382 1117 1428 fluvii
1143 1381 1265 1429 vada
1291 1381 1567 1429 festinantes
1584 1380 1663 1429 alii
1679 1390 1828 1429 trans-

383 1458 636 1518 miserant,
677 1458 755 1506 alii
784 1475 900 1506 vero
936 1458 1347 1523 ingrediebantur,
1388 1476 1499 1507 cum
1536 1460 1768 1508 exercitus
1798 1475 1827 1508 a

381 1554 493 1602 rege
526 1538 698 1585 missus
732 1554 760 1585 a
788 1547 921 1602 tergo
961 1538 1291 1586 festinantibus
1334 1538 1483 1586 affuit.
1519 1539 1613 1597 Qui
1649 1539 1827 1606 reperti

382 1616 540 1677 fuere,
573 1633 687 1665 mox
705 1616 872 1682 gladiis
890 1617 1099 1665 hostium
1126 1617 1215 1664 fusi
1242 1627 1353 1665 sunt
1369 1654 1381 1678 ,
1415 1616 1577 1683 plures
1601 1616 1822 1683 quidem,

381 1704 431 1741 at
448 1693 582 1742 nullo
598 1694 797 1742 nomine
815 1693 944 1741 clari.
966 1696 1080 1742 Otto
1099 1694 1281 1742 interea
1299 1711 1411 1741 cum
1430 1694 1640 1742 exercitu
1655 1693 1829 1760 digres-

383 1789 463 1819 sus
479 1809 492 1832 ‚
528 1772 765 1837 Belgicam
796 1773 955 1838 petiit,
986 1771 1146 1837 ibique
1170 1773 1473 1838 procinctum
1501 1772 1668 1835 solvit3
1693 1782 1828 1821 tanto

382 1850 544 1898 favore
574 1861 622 1898 et
644 1850 967 1898 benivolentia
992 1850 1123 1915 apud
1147 1867 1259 1898 suos
1286 1868 1398 1898 usus
1414 1887 1427 1911 ,
1460 1860 1514 1899 ut
1530 1851 1651 1899 sicut
1672 1851 1829 1899 immi—

383 1930 516 1976 nenti
540 1929 779 1995 periculo,
807 1930 872 1976 ita
901 1945 1096 1994 quoque
1115 1939 1162 1976 et
1191 1929 1418 1977 omnibus
1442 1930 1599 1997 capita
1617 1946 1720 1979 sese
1738 1928 1831 1978 ob-

377 2007 590 2070 jecturos
607 2007 964 2073 pollicerentur.

1000 2124 1206 2159 LXXVIII.

449 2221 699 2271 Lotharius
728 2223 1039 2271 considerans
1073 2227 1304 2271 Ottonem
1350 2241 1510 2289 neque
1546 2223 1670 2272 dolis
1704 2223 1827 2285 falli,

384 2317 543 2365 neque
560 2300 740 2348 viribus
763 2318 905 2367 posse
934 2302 1152 2362 devinci,
1185 2318 1298 2367 sepe
1325 2312 1372 2349 et
1394 2301 1600 2349 multum
1625 2301 1755 2368 apud
1780 2318 1831 2350 se

383 2379 650 2444 quaerebat,
681 2390 842 2428 utrum
873 2382 1032 2447 potius
1061 2382 1182 2429 foret
1206 2391 1331 2428 stare
1357 2391 1525 2429 contra
1551 2381 1743 2430 hostem
1767 2398 1831 2430 an

384 2458 680 2506 reconciliari
709 2458 852 2507 hosti.
883 2461 929 2506 Si
949 2470 1094 2508 staret
1112 2469 1279 2507 contra
1295 2496 1308 2520 ,
1342 2459 1582 2525 cogitabat
1604 2458 1832 2526 possibile

385 2552 488 2584 esse
510 2536 684 2584 ducem
714 2537 887 2603 opibus
911 2539 1174 2604 corrumpi,
1201 2549 1249 2586 et
1274 2540 1321 2586 in
1351 2540 1617 2588 amiciciam
1641 2539 1832 2588 Ottonis

383 2605 547 2663 relabi.
576 2616 624 2662 Si
649 2616 1037 2665 reconciliaretur
1056 2617 1199 2677 hosti,
1230 2617 1278 2665 id
1310 2635 1412 2666 esse
1443 2616 1827 2676 accelerandum,

432 2762 452 2783 ³⁸
479 2762 556 2805 Ilia,
574 2774 616 2804 0,
635 2775 694 2805 su,
712 2775 754 2809 ga
777 2762 919 2796 abscisa.

434 2819 443 2838 ¹
472 2818 577 2853 armis
594 2831 676 2852 corr.
699 2819 780 2853 vita.
