1890 3380
390 243 444 280 26
887 230 1107 273 menen!
1139 230 1236 272 mn.
1272 228 1349 269 ¹11.

387 338 554 395 praeter
586 327 675 375 bos
711 326 793 390 qui
830 324 955 371 curis
989 337 1157 370 eorum
1192 318 1485 369 insistebant
1529 320 1585 364 Et
1616 333 1678 365 ne
1711 317 1818 383 quis

388 425 472 475 per
523 405 838 473 ignorantiam
893 402 1149 467 quicquam
1190 397 1460 448 faciendum
1508 395 1816 461 relinqueret,

385 486 535 534 sancti
555 482 798 548 Augustini
821 481 1032 528 instituta
1051 487 1337 546 patrumque
1354 475 1545 525 decreta
1563 471 1739 522 cotidie
1754 473 1822 522 eis

388 562 628 613 tecitanda
656 559 838 610 indixit.

1031 959 1148 995 XXV.

451 1046 798 1096 Monachorum
832 1061 1026 1110 quoque
1059 1060 1241 1102 mores,
1276 1052 1453 1108 quanta
1487 1040 1742 1091 dilectione
1778 1054 1825 1091 et

386 1125 615 1175 industria
646 1123 852 1172 correxit
881 1132 1024 1187 atque
1051 1139 1079 1170 a
1107 1121 1254 1170 seculi
1284 1120 1453 1169 habitu
1486 1119 1727 1180 distinxit,
1754 1131 1826 1169 sat

387 1205 546 1253 dicere
583 1218 685 1250 non
715 1210 801 1248 est.
843 1203 950 1248 Non
981 1200 1138 1247 solum
1174 1200 1302 1248 enim
1328 1198 1569 1263 religionis
1597 1198 1825 1264 dignitate

388 1299 472 1330 eos
491 1281 699 1344 insignes
723 1294 953 1344 apparere
982 1278 1165 1326 studuit
1180 1313 1193 1338 ‚
1222 1293 1391 1326 verum
1414 1277 1559 1325 etiam
1583 1276 1726 1326 bonis
1746 1283 1832 1325 ex?

387 1359 641 1408 terior-ibus
684 1366 1013 1422 augmentatos
1055 1354 1188 1402 nullo
1230 1354 1379 1401 modo
1422 1354 1574 1401 minui
1614 1352 1825 1420 prudens

390 1438 563 1503 adegit.
610 1439 744 1495 Quos
792 1451 903 1483 cum
944 1434 1097 1482 multo
1135 1432 1313 1480 coleret
1354 1448 1520 1480 amore
1534 1467 1547 1492 ,
1589 1432 1826 1499 praecipua

388 1528 547 1565 tamen
589 1514 717 1563 beati
761 1513 957 1578 Remigii
997 1515 1290 1559 Francorum
1327 1508 1519 1576 patroni
1561 1507 1825 1558 monachos

387 1595 581 1643 caritate
630 1590 910 1651 extollebat3
949 1589 1079 1638 unde
1117 1598 1165 1637 et
1205 1604 1375 1636 eorum
1414 1604 1491 1636 res
1536 1586 1733 1636 stabiliri
1774 1587 1823 1635 in

388 1681 633 1737 posterum
657 1670 855 1736 cupiens
871 1705 884 1728 ‚
924 1670 1124 1716 Romam
1165 1667 1415 1715 concessit.
1454 1668 1516 1714 Et
1550 1674 1720 1732 utpote
1756 1666 1826 1713 vir

385 1749 559 1798 nobilis
597 1759 645 1797 et
683 1758 903 1796 strenuus
926 1783 939 1805 ‚
986 1756 1035 1794 et
1075 1746 1201 1794 fama
1241 1744 1403 1793 celibis
1444 1745 1550 1793 vitae
1589 1741 1826 1811 *omnibus

387 1828 563 1887 clarus,
592 1844 621 1874 a
644 1826 792 1874 beatae
835 1825 1077 1873 memoriae
1113 1823 1331 1872 Johanne
1361 1839 1487 1889 papa
1530 1839 1642 1871 cum
1676 1821 1826 1871 multa

391 1908 655 1957 reverentia
680 1917 904 1973 exceptus
922 1916 1008 1955 est.
1035 1911 1068 1954 A
1087 1922 1186 1970 quo
1205 1906 1347 1953 etiam
1366 1915 1475 1971 post
1493 1914 1661 1953 mutua
1678 1902 1825 1954 collo-

389 1986 502 2052 quia
529 1987 714 2050 jussuS,
747 1986 794 2032 in
820 1984 898 2032 die
924 1984 1131 2035 natalitia
1155 1985 1348 2031 Domini
1374 1981 1633 2032 duodecim
1654 1999 1826 2050 praeoe-

387 2064 610 2113 dentibus
651 2064 885 2129 episcopis
934 2064 1184 2110 missarum
1230 2063 1511 2128 sollempnia
1547 2060 1818 2110 celebravit.

389 2145 442 2190 ln
468 2152 597 2190 tanta
631 2142 734 2206 ejus
769 2143 915 2205 gratia
948 2141 1165 2200 habitus,
1202 2151 1254 2188 ut
1279 2140 1339 2188 ab
1366 2158 1426 2189 eo
1463 2149 1709 2205 rogaretur
1743 2156 1825 2206 pe-

389 2229 488 2268 tere
505 2258 517 2279 ‚
546 2221 585 2268 si
609 2219 726 2285 quid
751 2230 951 2286 optaret.
