1890 3380
366 236 420 272 52
847 233 1069 275 menam
1101 234 1200 275 Lm.
1239 235 1314 276 ΙΙΙ.

504 942 656 978 vau.
677 962 724 971 -
737 942 834 988 Quid
850 943 1087 991 provehendi.
1102 944 1124 967 ·
1147 944 1356 980 rhethoria-
1372 946 1390 968 ·
1413 944 1610 993 providerit
1623 947 1659 981 ·.

428 1055 625 1100 Necnon
651 1063 699 1100 et
725 1063 934 1119 quatuor
961 1053 1023 1102 de
1049 1055 1218 1121 topicis
1239 1055 1520 1105 differentiis
1544 1055 1711 1119 libros,
1745 1057 1809 1107 de

359 1130 629 1195 sillogismis
653 1130 964 1196 cathegoricis
983 1132 1125 1193 duos,
1154 1132 1216 1181 de
1243 1133 1528 1200 ypotheticis
1550 1144 1664 1196 tna,
1684 1135 1809 1184 diffi-

360 1209 696 1275 nitionumque
723 1209 900 1258 librum
931 1229 1102 1270 unum,
1139 1212 1433 1260 divisionum
1462 1230 1598 1279 aeque
1621 1231 1819 1276 unum,-

360 1287 535 1336 utiliter
561 1287 672 1353 legit
696 1299 744 1336 et
778 1290 1021 1355 expressit.
1054 1293 1165 1338 Post
1191 1307 1402 1356 quorum
1429 1290 1664 1355 laborem,
1692 1310 1807 1343 cum

358 1366 421 1414 ad
454 1366 777 1416 rhethoricam
805 1385 917 1416 suos
940 1369 1207 1434 provehere
1234 1369 1392 1429 vellet,
1422 1370 1472 1419 id
1497 1370 1588 1420 sibi
1611 1389 1806 1441 suspec-

358 1456 461 1494 tum
487 1456 609 1506 erat,
645 1447 779 1512 quod
798 1448 900 1496 sine
924 1447 1226 1495 locutionum
1256 1448 1431 1508 modis,
1460 1451 1544 1515 qui
1574 1450 1625 1499 in
1649 1452 1806 1519 poetis

358 1523 575 1573 discendi
599 1536 727 1585 sunt,
759 1526 820 1574 ad
848 1527 1107 1574 oratoriam
1131 1538 1282 1575 artem
1302 1538 1413 1576 ante
1430 1531 1670 1595 perveniri
1702 1548 1804 1581 non

356 1614 517 1668 queat.
541 1606 709 1651 Poetas
725 1604 867 1669 igitur
883 1603 1119 1664 adhibuit,
1134 1605 1308 1670 quibus
1322 1607 1667 1657 assuescendos
1680 1609 1805 1659 arbi·

358 1682 586 1730 trabatur.
617 1683 749 1748 Legit
773 1684 932 1748 itaque
966 1699 1023 1730 ac
1052 1683 1217 1731 docuit
1248 1686 1498 1733 Maronem
1527 1696 1575 1735 et
1601 1688 1806 1737 Statium

355 1761 726 1826 Terentiumque
749 1771 935 1827 poetaS‚
974 1762 1252 1810 Juvenalem
1285 1779 1482 1829 quoque
1505 1781 1563 1813 ac
1589 1768 1806 1817 Persium

357 1839 704 1903 Horatiumque
739 1840 953 1887 satiricos
967 1876 979 1899 ,
1029 1843 1275 1888 Lucanum
1312 1842 1457 1890 etiam
1498 1842 1806 1912 historiogra-

356 1915 525 1982 phum.
549 1916 736 1975 Quibus
753 1917 1057 1977 assuefactoS,
1080 1918 1481 1986 locutionumque
1495 1922 1655 1971 modis
1672 1940 1806 1973 com-

355 1995 553 2060 positos,
581 1994 643 2043 ad
663 1995 986 2044 rhethoricam
1005 1996 1286 2045 transduxit.

568 2123 739 2158 XLVIII.
758 2143 806 2151 —
823 2081 896 2159 c'ur
910 2125 959 2159 eis
969 2124 1012 2147 *⁴
1036 2126 1283 2173 sophistamfl*
1304 2126 1507 2164 adhibuerit
1520 2130 1579 2165 st.

419 2209 527 2265 Qua
559 2207 798 2254 instructis
822 2207 1088 2273 sophistam
1116 2209 1362 2271 adhibuit3
1402 2212 1533 2279 apud
1564 2231 1711 2280 quem
1748 2219 1798 2267 in

352 2286 690 2333 controversiis
713 2296 1062 2346 exercerentur,
1091 2303 1147 2334 ac
1175 2288 1243 2336 sic
1278 2306 1336 2337 ex
1366 2300 1468 2339 arte
1499 2302 1718 2356 agerent,
1746 2305 1800 2344 ut

351 2374 521 2430 praeter
532 2370 684 2412 artem
701 2380 840 2429 agere
855 2364 1148 2426 viderentur,
1167 2367 1302 2431 quod
1318 2370 1523 2418 oratoris
1534 2371 1799 2422 maximum

349 2442 553 2491 videtur.

399 2584 420 2606 *
446 2584 607 2627 vesteis,
626 2583 652 2619 it
667 2583 757 2619 absc.

397 2640 441 2664 ”
465 2641 514 2685 is,
537 2653 617 2684 am,
642 2640 709 2676 erit
731 2641 820 2676 absc.
