1872 3372
379 267 460 307 292
866 268 1085 310 memini
1118 270 1214 312 ΜΒ.
1251 273 1318 311 lv.

378 355 532 403 tinuit.
562 358 738 405 Contra
759 373 882 423 quos
899 359 1039 407 etiam
1055 360 1311 410 Gerbertus
1325 398 1338 422 ,
1363 364 1618 412 Remorum
1634 375 1811 415 metro-

375 432 638 498 politanuS,
677 435 758 499 qui
790 435 919 483 solus
951 454 1006 484 ex
1037 438 1294 487 Galliarum
1320 442 1581 508 episcopis,
1620 443 1809 509 regibus

374 511 515 559 etiam
546 511 961 574 interdicentibus,
1000 514 1277 579 advenerat,
1305 535 1394 585 pro
1419 536 1469 567 se
1492 536 1809 587 responsurus

371 605 428 636 ex
462 590 662 638 adverso
694 591 881 640 resedit.
916 593 1246 643 Consederunt
1282 614 1477 662 quoque
1508 598 1805 648 diversorum

371 666 588 715 locorum
612 667 832 729 abbates,
862 686 917 717 ac
941 669 1097 719 clerici
1122 674 1357 722 nonnulli.
1386 675 1511 723 Laici
1536 677 1678 725 etiam
1705 678 1805 725 Go-

369 744 580 792 defridus
613 762 776 794 comes
807 764 918 795 cum
960 747 1150 797 duobus
1186 750 1292 800 filiis
1324 753 1446 812 suis,
1481 763 1624 820 atque
1660 757 1805 822 Rage·

370 844 512 875 nerus
536 830 838 878 Remensium
863 829 1206 881 vicedominus.

367 974 408 1009 C.
429 994 478 1002 —
494 974 732 1010 Pmlocutio*
757 976 941 1013 Haimonis
960 975 1189 1013 virdunensis
1200 978 1221 1001 ⁸
1236 978 1393 1026 episcopi
1411 977 1456 1014 de
1473 990 1578 1016 musa
1594 981 1616 1004 ⁶
1632 979 1797 1018 sinodi·.

432 1094 616 1153 Quibus
652 1097 1023 1162 circumquaque
1049 1097 1317 1159 silentibus,
1353 1100 1605 1166 episcopus
1630 1100 1803 1150 Virdu·

366 1174 541 1233 nensis,
562 1190 620 1221 eo
635 1174 768 1239 quod
783 1174 993 1239 linguam
1009 1175 1236 1224 Gallicam
1251 1187 1413 1238 norat,
1436 1194 1628 1227 causam
1642 1179 1801 1229 sinodi

364 1251 634 1316 prolaturus
652 1255 876 1300 surrexit:
901 1273 924 1298 «
939 1254 1202 1314 Quoniam,
1228 1273 1251 1299 υ
1266 1255 1502 1320 inquiens,
1527 1275 1551 1302 u
1573 1254 1637 1304 ad
1659 1268 1807 1307 aures·

368 1348 391 1373 «
421 1327 589 1376 domni
612 1345 747 1395 papae
771 1330 1014 1396 sepissime
1038 1331 1273 1397 perlatum
1296 1342 1391 1392 est,
1415 1334 1674 1381 Remorum
1697 1351 1798 1383 me·

369 1425 392 1450 «
422 1406 647 1471 tropolim
664 1423 927 1472 pervasam,
951 1418 1014 1468 et,
1033 1419 1202 1475 praeter
1214 1409 1292 1474 jus
1307 1419 1354 1457 et
1368 1427 1576 1476 aequum,
1600 1411 1799 1480 proprio

368 1505 391 1528 α
421 1494 611 1549 pastore
649 1485 941 1546 frustratam,
980 1504 1080 1534 non
1113 1488 1260 1536 semel
1302 1498 1349 1536 et
1386 1488 1459 1536 bis
1496 1489 1661 1538 litteris
1692 1507 1800 1556 sug·

368 1582 392 1608 «
422 1564 585 1628 gessit,
610 1564 832 1628 quatinus
856 1564 996 1613 nobis
1019 1566 1068 1613 in
1094 1583 1245 1613 unum
1270 1566 1502 1628 collectis,
1525 1577 1710 1616 tantum
1735 1568 1799 1617 fa·

369 1660 394 1686 α
421 1642 556 1689 cinus
575 1641 701 1705 justa
724 1641 860 1691 lance
879 1644 1118 1709 utrimque
1141 1661 1476 1710 pensaremuS,
1503 1655 1551 1694 et
1580 1662 1666 1694 sua
1688 1662 1799 1695 auc-

366 1738 391 1765 «
420 1721 607 1767 toritate
621 1736 708 1785 per
725 1736 814 1768 nos
838 1732 1106 1770 correctum
1122 1722 1184 1770 ad
1202 1739 1423 1771 normam
1440 1723 1791 1773 reduceremus.

367 1818 390 1841 «
419 1796 514 1844 Sed
533 1798 762 1862 quoniam
786 1799 1073 1864 impediente
1097 1816 1258 1848 rerum
1282 1800 1551 1850 diversitate
1573 1801 1619 1849 id
1645 1802 1796 1852 facere

366 1894 390 1920 u
419 1874 712 1935 distulimus,
751 1892 881 1923 nunc
909 1886 1018 1942 post
1050 1887 1120 1924 tot
1154 1878 1522 1926 ammonitiones
1559 1878 1796 1927 domnum

365 1972 391 1998 «
418 1953 548 2001 hunc
567 1952 788 2002 abbatem
810 1956 1019 2003 Leonem
1044 1966 1091 2003 et
1114 1955 1406 2003 monachum
1424 1957 1610 2005 mittere
1624 1957 1791 2019 voluit,

365 2054 390 2080 «
418 2036 500 2099 qui
524 2035 651 2083 vices
668 2052 775 2083 suas
795 2045 974 2097 teneat,
995 2047 1042 2085 et
1060 2054 1161 2084 rem
1180 2047 1494 2085 memoratam
1513 2037 1653 2086 nobis
1667 2038 1797 2088 oboe-

364 2133 388 2158 «
418 2113 656 2162 dientibus
684 2114 927 2162 discuciat.
967 2119 1056 2163 Per
1085 2133 1229 2180 quem
1262 2116 1405 2164 etiam
1438 2117 1670 2183 scriptum
1698 2133 1795 2165 suae

364 2212 388 2236 u
415 2192 671 2242 voluntatis
706 2193 944 2258 allegavit,
983 2204 1036 2241 ut
1067 2195 1105 2241 si
1139 2193 1256 2259 quid
1301 2193 1478 2241 oblivio
1512 2194 1787 2259 derogaret,

364 2290 388 2315 «
417 2271 593 2336 scripto
623 2271 1014 2319 commendatum
1049 2271 1319 2319 haberetur.
1361 2271 1505 2331 Quod
1540 2281 1588 2320 et
1624 2273 1792 2339 inprae·

361 2369 385 2393 «
415 2349 673 2397 sentiarum
697 2348 861 2398 audire
884 2350 999 2398 utile
1017 2360 1100 2398 est.
1129 2370 1153 2395 υ
1173 2353 1231 2397 Et
1250 2350 1407 2397 statim
1430 2349 1628 2416 protulit
1649 2350 1790 2418 scrip-

357 2438 458 2475 tum
475 2463 488 2487 ,
510 2437 652 2492 atque
670 2428 718 2475 in
744 2445 881 2477 aures
899 2429 1248 2477 considentium
1270 2429 1481 2476 recitavit
1493 2465 1507 2488 ,
1529 2428 1662 2494 quod
1679 2431 1790 2495 quia

355 2505 573 2554 brevitati
595 2505 857 2564 studemus,
878 2518 926 2555 et
948 2507 1088 2555 nobis
1108 2509 1265 2555 minus
1287 2507 1372 2554 fuit
1393 2506 1757 2556 accommodum
1770 2545 1783 2568 ,

354 2585 527 2632 nostris
544 2584 728 2649 scriptis
752 2585 957 2633 inserere
976 2578 1242 2633 vitavimus.

399 2771 419 2792 ⁰
445 2770 494 2804 tio
508 2797 518 2812 ,
542 2770 589 2805 du
603 2797 612 2813 ,
631 2783 669 2814 e,
689 2771 725 2805 di
742 2772 880 2806 abscisa.
902 2775 975 2815 (Sic
994 2776 1126 2816 Pet-(z.)
