1872 3372
361 267 439 306 288
854 259 1074 301 mentitu
1106 258 1206 301 Lm.
1240 258 1312 299 lv.

364 375 387 399 α
409 356 542 401 Hanc
572 352 712 399 etiam
747 350 1136 407 collocutionem,
1158 348 1399 414 utrimque
1429 347 1679 397 utillimam
1700 349 1803 399 fleri
1864 331 1872 370 ³¹

365 452 388 477 «
412 429 621 489 dicebam,
648 445 760 478 cum
777 428 868 478 hos
884 438 933 476 et
956 427 1092 475 illum
1110 426 1172 475 de
1189 426 1529 475 communibus
1547 436 1596 476 et
1608 427 1804 494 privatis
1870 451 1872 456 ·

367 529 392 554 u
414 508 701 557 familiariter
723 495 1044 556 collocuturos
1067 504 1337 553 simulabas.
1366 506 1545 553 Verum
1561 505 1696 555 aliter
1716 505 1804 555 tibi
1867 506 1872 562 ζ

365 607 389 632 «
411 588 563 635 visum
587 596 703 644 erat,
738 602 848 633 cum
874 584 967 631 hoc
995 582 1104 631 ideo
1133 582 1460 648 praetendebas
1477 584 1516 644 “,
1553 593 1606 632 ut
1630 583 1693 633 ab
1716 586 1804 633 Ot-
1868 614 1872 618 ⁴

369 686 392 711 α
413 676 526 713 tone
548 681 658 729 rege
683 663 908 712 dominos
936 671 1043 709 tuos
1068 677 1203 727 reges
1222 660 1570 727 comprehendi
1603 662 1800 723 faceres,

368 766 390 788 α
416 758 711 807 regnumque
741 745 1032 788 Francorum
1070 740 1117 787 in
1148 739 1226 804 jus
1257 739 1382 787 illius
1419 737 1802 802 transfunderes,

368 843 389 865 «
414 832 463 868 ut
486 831 533 868 tu
570 819 790 867 videlicet
816 821 1073 866 Remorum
1102 816 1515 884 metropolitanus,
1553 816 1664 867 ‘odo
1689 834 1804 886 vero

368 920 392 944 c<
413 904 702 946 Francorum
721 897 817 944 dux
842 896 1113 943 haberetur.
1137 895 1287 961 quue
1304 906 1419 944 tunc
1443 896 1583 945 nobis
1602 895 1804 948 omffino

368 997 390 1021 «
412 977 579 1042 patuit,
602 975 685 1022 sed
703 974 762 1021 ad
785 984 973 1039 tempus
997 990 1305 1039 suppressum
1327 973 1427 1021 fuit.
1450 976 1526 1034 Et,
1553 990 1584 1021 o
1609 991 1806 1023 summae

369 1075 392 1100 «
413 1054 679 1101 Divinitatis
709 1053 1060 1099 miserationem
1082 1050 1476 1099 inestimabilem!
1504 1053 1696 1117 quantis
1719 1054 1806 1100 mi-

370 1154 393 1179 «
412 1133 543 1180 seriis
572 1132 737 1196 erepti,
763 1140 944 1196 quanto
971 1128 1181 1176 ludibrio
1204 1128 1430 1177 subtracti
1445 1127 1631 1179 sumusl
1662 1133 1807 1179 Instat

369 1233 392 1257 «
416 1222 602 1277 tempus
620 1227 717 1275 quo
737 1219 909 1276 paratae
927 1208 1105 1256 insidiae
1130 1208 1351 1256 effectum
1370 1209 1672 1275 promittunt.
1703 1210 1809 1276 Epi,-

371 1311 395 1335 «
413 1290 543 1355 scopi
568 1290 761 1348 etenim,
782 1287 871 1336 sub
884 1288 1039 1354 specie
1057 1286 1296 1351 religionis
1315 1288 1411 1335 acsi
1423 1287 1484 1336 de
1502 1288 1807 1353 promotione

372 1379 462 1416 «et
490 1368 789 1416 abdicatione
819 1366 1039 1414 Gerberti
1072 1376 1215 1431 atque
1256 1365 1436 1414 Arnulfi
1473 1367 1806 1433 episcoporum

372 1468 396 1493 (ι
416 1448 673 1513 quaesituri,
701 1446 952 1512 praemissis
978 1445 1141 1509 legatis
1162 1444 1440 1493 adveniunt.
1471 1447 1587 1494 Otto
1611 1462 1807 1512 quoque

372 1546 397 1571 «
416 1542 496 1573 rex
527 1525 657 1573 Metti
683 1525 837 1583 adest3
862 1541 890 1571 a
907 1540 1005 1589 quo
1025 1540 1124 1570 non
1150 1523 1292 1589 longe
1321 1524 1552 1572 exercitus
1580 1523 1808 1573 collectus

373 1624 396 1648 α
416 1602 714 1669 praedicatur.
746 1604 793 1649 Si
820 1617 936 1649 vero
963 1603 1103 1661 imuS‚
1126 1612 1207 1649 aut
1238 1602 1575 1667 pugnabimus,
1611 1596 1695 1651 aut
1729 1619 1806 1652 ca·-

372 1703 394 1727 «
418 1682 621 1747 piemur.
650 1682 699 1728 Si
726 1697 841 1728 vero
868 1696 968 1728 non
1002 1682 1143 1740 imus,
1179 1681 1373 1747 perjurii
1406 1697 1675 1746 arguemur.
1712 1681 1806 1730 Sed

372 1781 396 1806 «
417 1761 484 1807 ire
504 1776 636 1823 reges
669 1775 767 1806 non
794 1758 1001 1824 expedit,
1034 1776 1093 1807 eo
1118 1759 1250 1824 quod
1276 1759 1478 1807 militum
1508 1760 1647 1826 copia
1669 1759 1802 1807 suffi-

374 1857 397 1881 «
419 1837 548 1884 ciens
568 1837 635 1883 eis
654 1853 751 1883 non
778 1837 852 1883 sit.
882 1836 1079 1899 Perjurii
1097 1854 1213 1885 vero
1234 1847 1390 1885 reatus
1416 1838 1466 1885 in
1492 1847 1539 1885 te
1563 1837 1803 1887 redunda-

373 1936 396 1959 «
419 1914 505 1974 bit,
528 1931 638 1962 cum
657 1924 708 1961 tu
725 1914 876 1974 solus,
902 1914 1090 1978 regibus
1112 1916 1281 1963 nesciis
1295 1952 1308 1975 ‚
1332 1916 1516 1978 juratus
1539 1916 1617 1963 sis.
1641 1935 1664 1960 »

1003 2056 1172 2091 XCVIII.

430 2165 499 2213 Ad
516 2166 618 2213 haec
633 2166 884 2231 episcopus
911 2164 1211 2226 erubescens,
1233 2165 1487 2214 obmutuit.
1517 2169 1673 2226 Quem
1688 2183 1801 2216 cum

369 2259 493 2290 unus
508 2260 706 2290 suorum
730 2242 804 2289 his
828 2244 1101 2290 exterritum
1124 2242 1260 2303 vidit,
1297 2253 1466 2291 contra
1488 2242 1590 2291 haec
1606 2261 1801 2310 respon·

367 2337 505 2368 surus
529 2321 744 2378 surrexit,
774 2330 819 2367 et
844 2321 911 2368 sic
935 2321 1264 2369 oblocutorem
1298 2321 1497 2369 adorsus
1521 2331 1592 2370 est
1615 2340 1626 2369 ς
1658 2341 1685 2368 «
1704 2325 1801 2371 Ho-

370 2416 522 2447 «rum
563 2400 779 2446 omnium
812 2399 1027 2463 objector
1062 2399 1179 2446 mihi
1210 2399 1448 2465 loquatur.
1496 2399 1674 2448 Adsum
1715 2402 1800 2466 qui

369 2496 394 2522 «
413 2494 502 2542 pro
541 2477 788 2524 criminato
824 2479 1056 2525 rationem
1099 2477 1268 2525 reddo.
1316 2481 1449 2526 Unus
1476 2487 1663 2526 tantum
1696 2478 1799 2527 haec

368 2575 391 2599 «
414 2555 637 2620 proferat.
685 2558 839 2620 Caput
875 2572 1070 2621 quoque
1101 2572 1240 2604 suum
1273 2572 1382 2604 meo
1409 2556 1627 2620 objiciat,
1664 2573 1796 2605 arma

365 2654 389 2678 «
409 2650 603 2699 quoque
621 2634 763 2681 armis
783 2644 1043 2700 comparet.
1071 2638 1266 2682 Necnon
1282 2645 1328 2683 et
1346 2635 1469 2682 vires
1485 2634 1664 2683 viribus
1681 2649 1795 2683 con-

411 2788 422 2808 ⁰
443 2787 663 2835 praetndebas
681 2787 795 2822 codex.
