1872 3372
385 249 464 287 192
876 243 1098 285 mmmm
1128 243 1231 284 LlB.
1267 242 1336 284 lv.

380 334 528 383 duxit.
562 338 717 393 Quam
754 335 896 382 etiam
932 334 1120 399 penitus
1163 332 1482 400 depopulatus
1525 335 1818 398 combussit3

381 416 446 462 sic
479 413 731 473 efferatus,
776 423 827 460 ut
858 429 947 460 nec
981 412 1222 477 tugurium
1258 412 1425 460 saltem
1458 412 1676 463 deliranti
1710 418 1822 465 anui

381 493 683 558 relinqueret.
716 495 827 540 Post
847 492 1009 539 animo
1031 491 1256 558 praecipiti
1282 492 1541 540 exercitum
1570 492 1619 541 in
1636 492 1824 544 hostem

380 583 684 638 retorquens,
731 570 1034 619 obsidionem
1073 569 1301 619 adhibere
1327 571 1583 621 nitebatur.
1623 572 1825 623 Kar-olus

381 669 492 700 cum
525 662 636 699 ante
669 650 757 699 sibi
789 650 953 717 copias
989 659 1220 715 parasset,
1240 651 1449 699 venienti
1481 651 1697 700 resistere
1718 653 1827 702 viri-

381 729 487 777 liter
518 728 796 776 conabatur.
845 730 1063 786 Quatuor
1102 726 1231 776 milia
1280 729 1456 777 etenim
1503 739 1826 796 pugnatorum

383 807 599 856 Lauduni
626 806 906 872 collegerat,
945 806 1204 872 animoque
1236 805 1535 868 firmaverat,
1574 818 1629 856 ut
1658 809 1698 858 si
1726 825 1825 859 non

379 888 702 952 impeteretur,
731 886 1018 951 quiesceret;
1040 894 1088 933 et
1106 885 1360 945 resisteret,
1385 886 1422 933 si
1439 897 1703 952 urgeretur.

610 1015 824 1052 xxxvm.
838 1037 887 1044 —
899 1016 1081 1051 Exercitus
1094 1016 1117 1039 ⁴·
1135 1016 1311 1064 tripertito
1327 1018 1348 1040 ἢ*
1366 1016 1603 1053 ordinatur&

447 1121 545 1166 Rex
581 1118 762 1165 interea
799 1117 1059 1165 exercitum
1096 1116 1354 1178 inducens,
1391 1117 1553 1168 Karoli
1589 1117 1828 1185 legionem

382 1197 653 1245 ordinatam
682 1206 948 1262 pugnatum
973 1195 1119 1244 videt.
1149 1197 1419 1245 Exercitum
1448 1196 1563 1263 ergo
1594 1198 1831 1264 tripertito

384 1275 569 1335 dividit,
593 1292 654 1323 ne
673 1275 852 1322 multus
873 1275 1106 1322 exercitus
1125 1274 1253 1323 mole
1271 1275 1344 1323 sui
1363 1285 1599 1340 gravatus,
1621 1276 1830 1342 propriis

382 1353 564 1400 viribus
594 1352 912 1400 frustraretur.
949 1355 1061 1399 Tres
1097 1353 1258 1417 itaque
1285 1354 1409 1400 acies
1435 1352 1704 1414 constituit,
1730 1353 1829 1419 pri-

383 1448 512 1479 mam
543 1430 655 1479 belli
680 1431 863 1497 primos
891 1431 1126 1497 impetus¹
1163 1431 1416 1491 inituram3
1447 1430 1707 1480 secundam
1724 1447 1831 1497 quae

383 1509 562 1557 labenti
597 1519 922 1569 succurreret,
962 1510 1181 1574 viresque
1225 1509 1449 1570 referret3
1489 1509 1677 1557 tertiam
1711 1526 1829 1557 vero

384 1587 546 1654 spoliis
565 1587 822 1653 eripiendis
852 1587 1107 1635 ordinavit.
1143 1587 1329 1646 Quibus
1359 1588 1426 1635 sic
1444 1586 1605 1635 divisis
1631 1597 1679 1635 et
1702 1586 1830 1635 ordi-

384 1666 523 1722 natis,
546 1666 701 1730 prima
718 1665 842 1712 acies
869 1665 1013 1728 signis
1043 1665 1210 1712 erectis
1238 1680 1550 1729 congressura
1579 1679 1692 1712 cum
1718 1680 1828 1729 rege

384 1743 660 1803 incedebat;
691 1742 884 1808 reliquae
902 1743 1008 1791 duae
1025 1742 1142 1791 locis
1160 1743 1428 1791 constitutis
1445 1753 1620 1809 paratae
1637 1759 1829 1791 succur-

385 1840 489 1871 rere
508 1821 895 1889 opperiebantur.

1017 1931 1191 1966 XXXIX.

449 2022 653 2070 Karolus
678 2038 790 2068 cum
809 2031 1016 2086 quatuor
1039 2020 1232 2068 milibus
1251 2019 1420 2068 obvius
1437 2019 1679 2086 procedit,
1699 2036 1828 2068 sum-

384 2113 515 2145 mam
547 2096 854 2143 Divinitatem
895 2096 1124 2144 invocans
1163 2106 1218 2143 ut
1249 2094 1310 2143 ab
1346 2094 1609 2143 innumeris
1648 2111 1827 2161 paucos

383 2187 626 2244 protegat;
650 2177 944 2225 multitudini
967 2194 1067 2226 non
1096 2177 1370 2238 fidendum,
1403 2187 1451 2225 et
1473 2177 1700 2242 paucitati
1725 2193 1827 2225 non

383 2255 703 2304 diffidendum
737 2256 1047 2305 demonstret.
1086 2259 1244 2315 Quem
1269 2256 1574 2304 incedentem
1604 2255 1828 2304 Amulfus

383 2335 699 2383 comitabatur
727 2352 838 2383 suos
868 2335 1129 2385 adhortans
1147 2372 1162 2396 ,
1202 2346 1255 2383 ut
1288 2336 1449 2384 animo
1484 2335 1593 2383 forti
1627 2345 1821 2384 starent.

382 2414 603 2462 Ordinati
639 2424 686 2462 et
718 2414 906 2462 indivisi
946 2415 1278 2480 procederent.
1317 2418 1388 2463 De
1419 2414 1617 2462 victoria
1657 2430 1687 2462 a
1721 2417 1825 2464 Deo

380 2493 516 2541 nullo
541 2493 691 2541 modo
725 2493 1013 2542 diffiderent.
1051 2495 1099 2542 Si
1125 2493 1320 2542 viriliter
1352 2495 1574 2541 invocato
1606 2495 1712 2541 Deo
1734 2503 1826 2542 sta-

383 2583 511 2633 rent,
543 2589 657 2620 cum
702 2572 851 2620 multa
893 2572 1039 2637 gloria
1078 2572 1124 2621 et
1161 2573 1284 2621 fama
1319 2573 1569 2621 victoriam
1605 2573 1655 2621 in
1690 2571 1823 2621 brevi

428 2720 446 2741 ³¹
475 2729 550 2762 tus,
569 2733 612 2762 o,
633 2727 690 2754 tur
710 2720 849 2753 abscisa.

429 2777 439 2797 ¹
466 2777 634 2811 tumultus
650 2789 734 2810 corr.
755 2778 917 2823 impetus.
