1872 3372
319 263 401 303 262
802 261 1023 303 Rlcumu
1055 263 1155 303 LlB.
1190 263 1260 302 lv.

315 350 422 399 loca
438 350 530 399 alia
546 351 804 400 exercitum
829 360 1096 417 retorquet,
1117 361 1166 400 et
1188 360 1355 400 vastat.
1389 354 1501 399 Post
1521 350 1657 415 cujus
1680 350 1753 399 di-

315 446 556 494 gressum,
587 429 698 477 Odo
723 430 734 454 ⁴
767 430 816 477 in
853 429 955 494 ejus
990 439 1164 478 terram
1193 445 1326 478 versa
1359 428 1463 476 vice
1492 427 1752 477 exercitum

316 506 526 567 induxit,
555 507 685 554 sicin
705 523 761 555 ea
787 507 1030 569 efferatus,
1050 518 1102 556 ut
1120 523 1210 556 nec
1225 507 1466 572 tugurium
1484 504 1559 554 vel
1575 505 1751 571 gallum

313 586 620 651 relinqueret,
633 586 820 634 hostem
834 602 1126 653 provocans,
1144 595 1191 634 et
1201 595 1253 634 ut
1269 585 1579 633 dimicaturus
1594 584 1756 633 veniat

314 665 535 712 invitanS.
554 664 636 712 llle
645 673 805 712 autem
820 665 981 730 copias
992 681 1091 711 non
1104 663 1320 712 sufficere
1333 662 1421 711 sihi
1437 678 1750 729 cognoscens,

314 743 597 809 provocanti
622 743 785 802 cessit,
807 752 948 808 atque
972 741 1036 790 ad
1058 758 1144 792 sua
1169 741 1324 791 rediit.
1348 744 1500 808 Atque
1524 740 1627 791 haec
1656 739 1754 790 fere

314 836 402 886 per
423 819 689 868 biennium.

408 967 558 1003 LXXX.
575 988 624 995 —
638 968 762 1004 Oratio
779 969 973 1015 legatorum
992 965 1130 1002 Odonis
1145 966 1242 1014 apud
1258 977 1376 1013 regem
1386 964 1407 989 ⁸
1428 964 1474 1001 de
1488 963 1657 1002 miduui

909 1027 1114 1075 pervasione
1123 1027 1158 1060 *.

382 1127 493 1176 Odo
517 1129 700 1177 interea
722 1138 878 1176 castro
907 1128 1082 1176 amisso
1106 1127 1377 1186 frustratus»,
1410 1125 1555 1174 etiam
1579 1125 1632 1173 in
1658 1124 1753 1174 hoc

317 1223 420 1255 sese
437 1207 763 1255 cautissimum
786 1205 1010 1253 habebat.
1033 1203 1359 1252 Arbitrabatur
1377 1203 1555 1252 etenim
1574 1202 1754 1270 duplici
1779 1250 1784 1255 .

318 1284 583 1333 calamitate
608 1302 659 1333 se
682 1300 823 1350 posse
848 1283 1088 1349 torqueri,
1115 1299 1228 1330 cum
1251 1281 1313 1330 de
1335 1282 1476 1330 castri
1498 1282 1753 1331 amissione

318 1364 579 1431 plurimum
616 1363 799 1412 doleret
823 1402 835 1423 ,
874 1373 922 1411 et
958 1380 986 1410 a
1017 1379 1126 1427 rege
1162 1362 1282 1409 irato
1318 1377 1419 1409 non
1449 1359 1755 1410 mediocriter

318 1443 497 1491 valeret
530 1443 701 1508 urgeri.
733 1442 872 1490 Unde
890 1452 938 1490 et
968 1441 1065 1506 regi
1098 1440 1278 1505 legatos
1302 1438 1494 1500 direxit,
1520 1455 1609 1505 per
1630 1454 1754 1504 quos

319 1538 421 1570 sese
440 1522 621 1587 optime
638 1521 907 1569 ratiocinari
924 1535 1063 1586 posse
1081 1517 1143 1566 de
1158 1517 1355 1582 ohJectis
1375 1516 1756 1583 quibuscumque

319 1610 590 1666 suggereret
614 1619 624 1647 :
654 1617 756 1647 sese
792 1601 840 1647 in
873 1598 1008 1646 nullo
1047 1598 1225 1662 regiam
1266 1596 1560 1661 majestatem
1596 1595 1757 1644 lesisse

319 1689 650 1739 ostensurum3
686 1678 726 1725 si
752 1677 813 1725 de
842 1676 1073 1724 Miliduno
1101 1685 1282 1740 agatur,
1310 1684 1479 1723 contra
1503 1690 1663 1740 regem
1687 1673 1757 1722 nil

321 1756 434 1804 mali
459 1756 703 1816 molitum,
725 1772 838 1803 cum
853 1771 952 1802 non
976 1754 1074 1818 regi
1091 1752 1177 1802 sed
1198 1769 1287 1801 suo
1303 1750 1619 1800 commilitoni
1635 1750 1754 1800 illud

321 1833 614 1894 abstulisset3
643 1833 739 1897 regi
758 1831 878 1879 nihil
901 1831 1183 1895 derogatum
1201 1830 1365 1890 fuisse,
1387 1845 1499 1877 cum
1515 1828 1618 1895 ipse
1632 1828 1756 1894 regis

320 1930 454 1978 aeque
469 1913 529 1960 sit
543 1949 556 1974 ‚
573 1922 627 1960 ut
638 1911 716 1959 ille
732 1912 810 1958 cui
822 1910 1034 1970 abstulit,
1050 1908 1264 1973 nihilque
1281 1910 1507 1956 interesse
1521 1916 1756 1973 quantum

320 1991 383 2039 ad
406 1992 585 2056 regiam
603 1989 904 2055 dignitatem,
932 1989 1223 2054 quicumque
1246 1996 1430 2047 teneat;
1451 2001 1555 2033 sese
1571 1986 1714 2033 etiam
1731 1983 1751 2010 ⁸

316 2069 456 2133 justis
473 2068 626 2116 causis
641 2068 691 2115 id
709 2067 917 2115 effecisse
930 2103 943 2126 ‚
965 2082 1077 2113 cum
1094 2064 1213 2112 illud
1230 2081 1259 2112 a
1277 2065 1373 2111 suis
1390 2062 1753 2130 praecessoribus

321 2146 438 2194 olim
461 2163 732 2212 possessum
746 2181 760 2205 ‚
787 2143 1044 2211 approbari
1065 2143 1239 2210 possit3
1276 2141 1406 2190 unde
1431 2142 1575 2192 etiam
1602 2140 1755 2190 videri

319 2242 483 2292 posse,
514 2242 542 2273 a
561 2242 611 2272 se
635 2224 823 2290 dignius
848 2223 998 2271 teneri
1030 2221 1228 2282 debere,
1250 2238 1395 2287 quam
1428 2220 1490 2269 ab
1518 2220 1612 2269 alio
1635 2237 1756 2286 quo-

319 2321 554 2370 cumque3
593 2302 789 2351 tandem
821 2303 858 2349 si
888 2301 1004 2367 quid
1031 2300 1203 2367 piaculi
1236 2300 1413 2348 factum
1441 2309 1537 2359 est,
1570 2299 1621 2347 in
1650 2316 1755 2348 sese

318 2401 512 2451 poenam
542 2382 790 2431 dedecoris
822 2381 1114 2430 redundasse
1128 2416 1140 2439 ,
1174 2390 1457 2444 tantumque
1480 2377 1634 2427 scelus
1648 2379 1753 2445 pari

319 2461 578 2526 ignominia
587 2459 849 2507 abstersum
864 2477 875 2506 τ
894 2458 1022 2506 unde
1034 2468 1080 2506 et
1090 2456 1269 2505 facilius
1281 2456 1369 2503 sibi
1384 2454 1749 2522 indulgendum,

317 2539 661 2605 atqueintanta
676 2538 846 2601 injuria
855 2536 1058 2602 amplius
1067 2535 1380 2602 parcendum.
1397 2535 1512 2595 Rex,
1526 2534 1754 2583 orationis

361 2687 382 2709 ³*
407 2697 545 2733 regem,
563 2697 631 2719 one
647 2683 785 2720 abscisa.

366 2745 375 2762 ¹
399 2742 445 2777 O.
464 2741 540 2776 cod.

364 2799 377 2816 ⁸
402 2798 507 2833 etiam
524 2796 559 2832 id
580 2797 678 2844 justis
695 2809 726 2831 c.
744 2796 782 2831 id
799 2810 828 2832 e.
849 2796 963 2841 codes.
