1872 3372
329 262 410 303 26⁴
815 262 1037 304 mentitu
1068 262 1167 303 ΗΒ.
1194 263 1267 303 lv,

328 350 427 397 vim
449 348 725 409 advertens,
749 348 912 416 legatis
934 351 1176 412 satisfacit,
1196 349 1663 416 benivolentiamque
1678 367 1763 418 pe-

331 428 449 476 tenti
475 427 684 476 mandat.
716 431 824 476 Haec
851 428 990 494 legati
1017 428 1178 477 Odoni
1207 428 1431 477 referunt.
1469 427 1579 477 odo
1604 429 1764 495 itaque

332 522 491 571 regem
527 505 658 554 adiit.
695 508 869 555 Coram
902 524 1000 573 quo
1030 508 1245 556 oratione
1278 507 1454 555 utiliter
1485 522 1624 568 usus,
1662 507 1765 573 ejus

333 585 477 649 gratia
507 585 685 650 potitus
710 596 806 646 est;
828 595 958 633 tanta
981 585 1250 634 affabilitate
1277 584 1497 650 insignis,
1524 593 1579 632 ut
1604 584 1766 633 amici·

333 663 447 710 tiam
474 662 718 728 pristinam
743 673 1056 724 renovarent,
1084 673 1132 712 et
1161 664 1209 712 in
1240 662 1373 712 nullo
1400 671 1645 729 suspectus
1667 662 1767 728 regi

335 741 605 790 haberetur.

407 877 575 913 LXXXI.
591 896 641 905 --
654 877 790 913 Bellum
808 877 899 913 inter
913 875 1077 913 Odonem
1091 885 1126 913 et
1135 877 1157 900 ¹*
1175 877 1365 920 Falconem
1376 875 1398 898 ⁸
1417 874 1463 911 de
1478 874 1687 911 Brittannia.

402 984 502 1029 Hac
534 990 813 1047 tempestate
846 980 1027 1041 itidem,
1055 981 1208 1029 civilia
1237 980 1362 1029 bella
1392 990 1607 1046 reparata
1635 989 1762 1028 sunt.

340 1062 460 1108 Nam
488 1058 633 1107 Fulco
662 1059 910 1107 Britanniae
933 1068 1066 1125 parte
1091 1059 1365 1119 frustratus,
1394 1058 1588 1107 insidias
1610 1057 1769 1107 adhuc

340 1154 507 1204 parare
535 1137 871 1186 contendebat.
909 1137 1216 1202 Collectoque
1242 1137 1472 1197 exercitu,
1499 1137 1549 1185 in
1573 1136 1772 1184 Brittan·

343 1216 471 1263 niam
489 1231 700 1281 praeceps
723 1215 886 1275 fertur,
915 1218 1202 1280 Namtasque
1230 1214 1428 1280 appetit.
1455 1213 1601 1278 Cujus
1616 1221 1773 1261 custo-
1796 1247 1801 1253 -

343 1291 428 1339 des
443 1292 560 1339 alios
582 1308 701 1339 auro
723 1292 934 1358 corrupit
947 1328 960 1352 ,
982 1291 1099 1340 alios
1115 1289 1402 1356 quibusdam
1428 1289 1775 1356 pollicitationi·

346 1370 435 1418 bus
464 1370 625 1418 illexit.
661 1371 739 1418 Eis
767 1386 961 1436 quoque
989 1387 1141 1435 usque
1171 1368 1234 1417 ad
1260 1368 1480 1417 effectum
1506 1367 1652 1415 suasit
1675 1382 1774 1432 quo

346 1448 433 1496 sibi
450 1449 559 1496 satis
578 1448 802 1512 facerent,
825 1458 877 1495 ut
893 1447 1069 1495 scilicet
1083 1446 1214 1494 urbis
1229 1447 1476 1494 introitum
1490 1444 1771 1511 panderent.

348 1527 441 1584 Qui
462 1527 605 1586 suasi,
627 1516 924 1574 sacramento
946 1536 1135 1592 tempus
1159 1525 1480 1585 constituunt,
1508 1539 1600 1572 nec
1624 1521 1777 1571 multo

347 1615 456 1670 post
491 1614 538 1651 et
574 1605 622 1651 in
656 1603 825 1651 urbem
859 1603 1131 1652 admittunt.
1177 1606 1514 1667 Ingressusque
1542 1599 1775 1666 pervadit,

351 1692 397 1730 et
420 1700 448 1730 a
473 1681 676 1742 civibuS,
702 1682 811 1746 jure
839 1683 1147 1739 sacramenti,
1176 1680 1367 1729 obsides
1390 1680 1589 1746 accepit.
1612 1682 1779 1743 Arcem

352 1761 501 1808 solam
533 1776 802 1826 expugnare
828 1776 928 1807 non
952 1760 1114 1820 valuit,
1146 1751 1206 1807 eo
1234 1758 1367 1824 quod
1392 1757 1563 1805 milites
1589 1773 1782 1822 magna-

353 1840 509 1886 nimos
536 1838 749 1886 haberet.
789 1838 928 1886 Unde
955 1848 1002 1886 et
1034 1830 1189 1899 cessit,
1226 1853 1327 1884 sese
1353 1834 1576 1883 recedere
1603 1832 1784 1882 delibe-

355 1935 480 1976 rans,
521 1928 572 1965 ut
596 1917 746 1983 copiis
775 1905 1084 1983 amplioribus
1117 1930 1455 1980 congressurus
1487 1912 1679 1982 rediret,
1708 1928 1784 1975 ar·

353 2012 555 2071 cemque
572 2004 879 2061 expugnaret.

971 2110 1158 2145 LXXXII.

411 2223 637 2282 Conanus
656 2218 704 2265 in
720 2216 1030 2282 exterioribus
1042 2217 1308 2278 Brittanniae
1319 2214 1549 2282 partibus,
1562 2212 1790 2279 quilocus

361 2297 593 2359 Bruerech
612 2296 803 2354 dicitur,
833 2294 895 2342 de
920 2294 1062 2342 rebus
1090 2294 1269 2342 bellicis
1293 2293 1423 2359 apud
1451 2308 1564 2340 suos
1585 2300 1792 2357 pertrac-

355 2377 503 2438 tabat,
531 2393 643 2424 cum
677 2374 740 2422 ad
770 2374 871 2438 ejus
903 2390 1039 2421 aures
1066 2373 1168 2420 haec
1202 2372 1358 2420 delata
1392 2381 1518 2419 sunt.
1551 2369 1793 2435 Magisque

357 2467 516 2522 coepto
541 2453 733 2519 negotio
772 2453 988 2500 insistens
1007 2488 1020 2512 ‚
1049 2451 1307 2499 exercitum
1332 2457 1587 2514 congregat
1606 2447 1618 2472 ⁴
1637 2483 1651 2508 ,
1684 2445 1793 2495 bel·-

355 2533 554 2598 lumque
583 2530 686 2578 fieri
718 2539 868 2595 parat.
901 2532 959 2576 Et
991 2528 1219 2593 quoniam
1247 2526 1487 2574 obsidioni
1519 2522 1793 2572 instandum

357 2621 545 2676 tempus
562 2607 808 2667 suadebat,
830 2606 1084 2654 collectum
1103 2605 1360 2654 exercitum
1381 2603 1486 2651 urbi
1501 2601 1701 2663 inducit,
1722 2600 1795 2663 eif-

403 2724 422 2744 θ
449 2730 483 2756 et
501 2722 691 2756 Fulconem
710 2720 847 2754 abscisa.

405 2778 416 2799 ¹
442 2786 542 2825 parat
561 2790 645 2812 corr.
664 2785 864 2824 congregat.
