1872 3372
352 251 431 289 272
834 248 1053 291 RICRERI
1087 251 1187 292 [ΑΒ.
1223 251 1293 291 lV.

672 379 912 423 Lxxxvnl.
925 404 974 414 -
986 383 1223 432 Reprehensio
1235 382 1254 404 ⁶
1275 381 1413 430 repudii
1425 383 1457 418 ⁸.

418 490 567 554 Hujus
582 491 768 557 repudii
795 493 965 553 scelus,
995 494 1049 541 a·
1084 492 1343 553 nonnullis,
1365 493 1446 557 qui
1471 491 1785 557 intelligentiae

352 569 556 634 purioris
585 569 731 629 fuere,
770 571 881 619 satis
906 571 1164 618 laceratum
1188 587 1247 619 eo
1278 580 1495 637 tempore
1525 570 1628 631 fuit,
1661 570 1783 619 clam

351 657 530 707 tamen,
554 664 643 695 nec
660 650 840 714 patenti
871 649 1208 714 refragratione
1225 648 1485 715 culpatum.

706 794 907 831 LXXXIX.
924 815 973 822 —
987 794 1140 831 sinodus
1157 795 1273 830 Chele
1292 794 1425 831 habita.

419 902 568 967 Hujus
594 904 820 969 temporis
851 903 1020 953 diebus
1045 921 1156 953 cum
1180 922 1209 953 a
1235 921 1360 971 papa
1390 917 1591 953 romano
1622 905 1657 952 B
1663 940 1781 952 ......

353 981 589 1030 abdicatio
617 982 797 1030 Arnulfi
817 992 863 1030 et
883 984 1124 1048 promotio
1148 983 1368 1032 Gerberti
1386 983 1602 1049 plurimis
1619 984 1789 1050 episto-

352 1059 506 1107 larum
542 1062 726 1126 scriptis
768 1061 1198 1122 calumniarentur,
1236 1061 1447 1127 episcopi
1484 1078 1678 1127 quoque
1719 1061 1788 1109 rei

352 1138 629 1202 hujusmodi
647 1150 888 1199 auctoreS‚
910 1139 1145 1205 simulque
1164 1150 1211 1188 et
1234 1140 1311 1188 alii
1330 1149 1691 1205 cooperatores,
1719 1138 1789 1187 di-

352 1216 498 1262 versis
539 1215 988 1282 reprehensionibus
1023 1217 1438 1282 redarguerentur,
1475 1215 1652 1282 placuit
1685 1216 1803 1282 epi-,

354 1294 510 1358 scopis
533 1294 695 1342 Galliae
720 1296 769 1342 in
801 1312 952 1345 unum
972 1297 1246 1356 convenire,
1276 1306 1324 1343 et
1344 1312 1488 1362 super
1513 1294 1606 1343 hac
1636 1310 1791 1361 repre-

353 1373 586 1423 hensione
612 1376 878 1425 consulere.
918 1376 1104 1435 Quibus
1134 1377 1290 1425 Chelae
1326 1376 1564 1437 collectis,
1591 1375 1790 1425 sinodus

355 1452 517 1501 habita
539 1463 625 1502 est.
655 1455 743 1502 Cui
771 1472 853 1503 rex
881 1455 1134 1503 Rotbertus
1151 1455 1397 1520 praesedit,
1430 1454 1790 1505 considentibus

357 1532 751 1598 metropolitanis,
772 1532 1007 1582 Gerberto
1027 1535 1265 1596 Remensi,
1285 1535 1363 1582 cui
1382 1545 1484 1583 tota
1501 1531 1790 1583 sinodalium

355 1626 606 1658 causarum
650 1612 771 1659 ratio
813 1611 1108 1661 discutienda
1144 1614 1399 1661 commissa
1435 1612 1541 1674 fuit,
1594 1610 1790 1678 Siguino

354 1705 550 1753 quoque
574 1689 863 1750 Senonensi,
898 1690 1247 1739 Erchembaldo
1265 1692 1521 1751 Turonico,
1561 1689 1790 1739 Daiberto

357 1767 648 1825 Bituricensi,
680 1767 877 1832 aliisque
896 1767 1073 1816 horum
1097 1769 1566 1835 comprovintialibus
1589 1766 1792 1816 nonnul-

357 1843 429 1891 lis.
458 1848 511 1891 In
530 1862 625 1910 qua
653 1856 909 1911 postquam
937 1864 995 1894 ex
1024 1850 1216 1895 Patrum
1251 1847 1452 1897 decretis
1485 1847 1694 1896 rationes
1727 1846 1790 1895 de

357 1933 482 1971 statu
509 1934 682 1972 sanctae
705 1924 923 1973 aecclesi‘ae
963 1926 1330 1992 promulgarunt
1345 1963 1358 1987 ,
1395 1928 1519 1975 inter
1558 1925 1792 1974 nonnulla

358 2001 505 2060 utilia,
529 2003 753 2050 constitui
778 2013 824 2051 et
843 2003 1059 2052 roborari
1082 2004 1274 2070 placuit,
1303 2015 1356 2053 ut
1379 2004 1440 2053 ab
1455 2021 1512 2053 ea
1538 2004 1635 2065 die,
1662 2003 1791 2053 idem

358 2080 602 2141 sentirent,
638 2080 768 2128 idem
802 2081 996 2142 vellent,
1036 2082 1165 2130 idem
1201 2093 1590 2150 cooperarentur,
1623 2098 1793 2131 secun·

359 2157 476 2205 dum
499 2158 547 2205 id
562 2159 695 2223 quod
713 2160 945 2224 scriptum
965 2171 1036 2208 est
1057 2179 1067 2207 :
1090 2164 1215 2208 Erat
1228 2163 1296 2209 eis
1310 2179 1391 2209 cor
1405 2179 1551 2209 urtam
1567 2172 1616 2209 et
1627 2162 1793 2209 anima

359 2253 469 2282 una.
489 2238 692 2284 Decerni
710 2247 757 2284 et
775 2237 892 2285 illud
910 2239 1122 2298 voluere,
1145 2250 1197 2287 ut
1212 2240 1250 2287 si
1270 2241 1316 2287 in
1338 2240 1548 2305 qualibet
1562 2238 1788 2299 aeoclesia,

358 2332 671 2380 quaecumque
702 2316 899 2364 tirannis
929 2329 1207 2383 emergeret,
1241 2336 1346 2384 quae
1366 2320 1462 2368 telo
1481 2318 1794 2367 anathematis

360 2393 570 2441 ferienda
591 2394 608 2418 ²
635 2393 894 2455 videretur,
917 2396 966 2442 id
986 2396 1202 2462 inprimis
1224 2397 1285 2445 ab
1304 2397 1529 2446 omnibus
1545 2395 1795 2446 consulen-

359 2471 495 2532 dum,
524 2482 572 2520 et
590 2473 656 2520 sic
674 2474 921 2520 communi
951 2473 1144 2522 decreto
1163 2475 1464 2539 agitandum3
1500 2485 1548 2523 et
1571 2474 1656 2540 qui
1681 2489 1793 2522 ana·

359 2548 568 2597 themate
603 2549 844 2597 relaxandi
872 2550 1028 2599 forent
1044 2576 1063 2612 ,·
1083 2551 1276 2600 decreto
1303 2553 1552 2601 communi
1581 2549 1794 2600 similiter

407 2680 427 2702 *
452 2682 523 2726 Re,
540 2694 578 2716 re
592 2681 732 2718 abscisa.

407 2739 418 2758 ¹
447 2750 492 2773 an
513 2737 629 2772 codex.

406 2794 422 2814 ¹
444 2793 638 2841 jugulanda
655 2807 738 2828 corr.
759 2794 926 2830 ferienda.
