<?xml version="1.0" encoding="UTF-8"?>
<!DOCTYPE html PUBLIC "-//W3C//DTD XHTML 1.0 Transitional//EN"
    "http://www.w3.org/TR/xhtml1/DTD/xhtml1-transitional.dtd">
<html xmlns="http://www.w3.org/1999/xhtml" xml:lang="en" lang="en">
 <head>
  <title>
</title>
<meta http-equiv="Content-Type" content="text/html;charset=utf-8" />
  <meta name='ocr-system' content='tesseract 3.04.00' />
  <meta name='ocr-capabilities' content='ocr_page ocr_carea ocr_par ocr_line ocrx_word'/>
</head>
<body>
  <div class='ocr_page' id='page_1' title='image "./richerhistoirede02richuoft_0078.png"; bbox 0 0 1890 3380; ppageno 0'>
   <div class='ocr_carea' id='block_1_1' title="bbox 352 287 1315 331">
    <p class='ocr_par' dir='ltr' id='par_1_1' title="bbox 352 287 1315 331">
     <span class='ocr_line' id='line_1_1' title="bbox 352 287 1315 331; baseline 0 0"><span class='ocrx_word' id='word_1_1' title='bbox 352 294 406 331; x_wconf 90' lang='lat'>70</span> <span class='ocrx_word' id='word_1_2' title='bbox 846 288 1068 330; x_wconf 75' lang='lat' dir='ltr'>lucnssm</span> <span class='ocrx_word' id='word_1_3' title='bbox 1097 287 1200 330; x_wconf 77' lang='lat' dir='ltr'>Lm.</span> <span class='ocrx_word' id='word_1_4' title='bbox 1234 290 1315 331; x_wconf 89' lang='lat'>111.</span> 
     </span>
    </p>
   </div>
   <div class='ocr_carea' id='block_1_2' title="bbox 350 377 1800 821">
    <p class='ocr_par' dir='ltr' id='par_1_2' title="bbox 350 377 1800 821">
     <span class='ocr_line' id='line_1_2' title="bbox 354 377 1797 445; baseline 0.002 -22"><span class='ocrx_word' id='word_1_5' title='bbox 354 399 378 423; x_wconf 88' lang='lat'>«</span> <span class='ocrx_word' id='word_1_6' title='bbox 405 377 672 444; x_wconf 84' lang='lat' dir='ltr'>eademque</span> <span class='ocrx_word' id='word_1_7' title='bbox 692 379 893 437; x_wconf 83' lang='lat' dir='ltr'>ratione,</span> <span class='ocrx_word' id='word_1_8' title='bbox 913 378 1070 426; x_wconf 88' lang='lat' dir='ltr'>eidem</span> <span class='ocrx_word' id='word_1_9' title='bbox 1091 379 1263 443; x_wconf 80' lang='lat' dir='ltr'>speciei</span> <span class='ocrx_word' id='word_1_10' title='bbox 1282 387 1332 427; x_wconf 91' lang='lat' dir='ltr'>et</span> <span class='ocrx_word' id='word_1_11' title='bbox 1351 394 1516 445; x_wconf 87' lang='lat' dir='ltr'>parem</span> <span class='ocrx_word' id='word_1_12' title='bbox 1535 393 1654 439; x_wconf 83' lang='lat' dir='ltr'>esse,</span> <span class='ocrx_word' id='word_1_13' title='bbox 1676 387 1726 427; x_wconf 82' lang='lat' dir='ltr'>et</span> <span class='ocrx_word' id='word_1_14' title='bbox 1742 387 1797 427; x_wconf 88' lang='lat' dir='ltr'>ut</span> 
     </span>
     <span class='ocr_line' id='line_1_3' title="bbox 353 455 1798 523; baseline 0.001 -21"><span class='ocrx_word' id='word_1_15' title='bbox 353 477 378 503; x_wconf 89' lang='lat'>«</span> <span class='ocrx_word' id='word_1_16' title='bbox 405 456 678 506; x_wconf 83' lang='lat' dir='ltr'>inferiorem</span> <span class='ocrx_word' id='word_1_17' title='bbox 702 458 795 505; x_wconf 87' lang='lat' dir='ltr'>acsi</span> <span class='ocrx_word' id='word_1_18' title='bbox 816 457 976 522; x_wconf 84' lang='lat' dir='ltr'><strong>generi</strong></span> <span class='ocrx_word' id='word_1_19' title='bbox 995 456 1203 522; x_wconf 86' lang='lat' dir='ltr'>speciem</span> <span class='ocrx_word' id='word_1_20' title='bbox 1221 455 1480 523; x_wconf 83' lang='lat' dir='ltr'>subjacere.</span> <span class='ocrx_word' id='word_1_21' title='bbox 1508 459 1566 504; x_wconf 90' lang='lat' dir='ltr'>Et</span> <span class='ocrx_word' id='word_1_22' title='bbox 1588 470 1679 523; x_wconf 77' lang='lat' dir='ltr'>ego</span> <span class='ocrx_word' id='word_1_23' title='bbox 1696 456 1798 523; x_wconf 86' lang='lat' dir='ltr'>qui-</span> 
     </span>
     <span class='ocr_line' id='line_1_4' title="bbox 352 533 1796 603; baseline 0.003 -23"><span class='ocrx_word' id='word_1_24' title='bbox 352 555 375 581; x_wconf 84' lang='lat'><strong><em>«</em></strong></span> <span class='ocrx_word' id='word_1_25' title='bbox 401 535 513 584; x_wconf 88' lang='lat' dir='ltr'>dem</span> <span class='ocrx_word' id='word_1_26' title='bbox 537 536 600 584; x_wconf 91' lang='lat' dir='ltr'>de</span> <span class='ocrx_word' id='word_1_27' title='bbox 621 536 695 583; x_wconf 88' lang='lat' dir='ltr'>his</span> <span class='ocrx_word' id='word_1_28' title='bbox 733 537 794 583; x_wconf 86' lang='lat' dir='ltr'>ita</span> <span class='ocrx_word' id='word_1_29' title='bbox 830 535 998 584; x_wconf 86' lang='lat' dir='ltr'>sentio.</span> <span class='ocrx_word' id='word_1_30' title='bbox 1026 537 1262 584; x_wconf 85' lang='lat' dir='ltr'>Caeterum</span> <span class='ocrx_word' id='word_1_31' title='bbox 1290 535 1330 584; x_wconf 83' lang='lat' dir='ltr'>si</span> <span class='ocrx_word' id='word_1_32' title='bbox 1355 536 1462 603; x_wconf 81' lang='lat' dir='ltr'>quis</span> <span class='ocrx_word' id='word_1_33' title='bbox 1497 545 1667 585; x_wconf 81' lang='lat' dir='ltr'>contra</span> <span class='ocrx_word' id='word_1_34' title='bbox 1691 533 1796 584; x_wconf 75' lang='lat' dir='ltr'>haec</span> 
     </span>
     <span class='ocr_line' id='line_1_5' title="bbox 351 610 1796 681; baseline 0.003 -23"><span class='ocrx_word' id='word_1_35' title='bbox 351 634 375 659; x_wconf 87' lang='lat'>«</span> <span class='ocrx_word' id='word_1_36' title='bbox 405 615 682 674; x_wconf 80' lang='lat' dir='ltr'>contendat,</span> <span class='ocrx_word' id='word_1_37' title='bbox 712 614 947 662; x_wconf 88' lang='lat' dir='ltr'>rationem</span> <span class='ocrx_word' id='word_1_38' title='bbox 974 612 1086 662; x_wconf 91' lang='lat' dir='ltr'>inde</span> <span class='ocrx_word' id='word_1_39' title='bbox 1111 613 1314 675; x_wconf 83' lang='lat' dir='ltr'>affectet,</span> <span class='ocrx_word' id='word_1_40' title='bbox 1346 613 1581 681; x_wconf 81' lang='lat' dir='ltr'>faciatque</span> <span class='ocrx_word' id='word_1_41' title='bbox 1610 630 1700 662; x_wconf 84' lang='lat' dir='ltr'>nos</span> <span class='ocrx_word' id='word_1_42' title='bbox 1716 610 1796 662; x_wconf 81' lang='lat' dir='ltr'>in-</span> 
     </span>
     <span class='ocr_line' id='line_1_6' title="bbox 352 691 1800 760; baseline 0.003 -23"><span class='ocrx_word' id='word_1_43' title='bbox 352 713 375 737; x_wconf 87' lang='lat'>«</span> <span class='ocrx_word' id='word_1_44' title='bbox 404 692 613 759; x_wconf 89' lang='lat' dir='ltr'>telligere</span> <span class='ocrx_word' id='word_1_45' title='bbox 656 692 790 759; x_wconf 92' lang='lat' dir='ltr'>quod</span> <span class='ocrx_word' id='word_1_46' title='bbox 829 691 1037 740; x_wconf 84' lang='lat' dir='ltr'>fortassis</span> <span class='ocrx_word' id='word_1_47' title='bbox 1067 701 1247 741; x_wconf 83' lang='lat' dir='ltr'>naturae</span> <span class='ocrx_word' id='word_1_48' title='bbox 1282 693 1428 760; x_wconf 83' lang='lat' dir='ltr'>ipsius</span> <span class='ocrx_word' id='word_1_49' title='bbox 1460 693 1582 742; x_wconf 86' lang='lat' dir='ltr'>ratio</span> <span class='ocrx_word' id='word_1_50' title='bbox 1615 691 1800 742; x_wconf 87' lang='lat' dir='ltr'>nemini</span> 
     </span>
     <span class='ocr_line' id='line_1_7' title="bbox 350 771 1128 821; baseline -0.008 0"><span class='ocrx_word' id='word_1_51' title='bbox 350 793 372 816; x_wconf 92' lang='lat'>«</span> <span class='ocrx_word' id='word_1_52' title='bbox 401 772 560 821; x_wconf 89' lang='lat' dir='ltr'>adhuc</span> <span class='ocrx_word' id='word_1_53' title='bbox 580 771 836 820; x_wconf 83' lang='lat' dir='ltr'>contulisse</span> <span class='ocrx_word' id='word_1_54' title='bbox 856 771 1059 819; x_wconf 89' lang='lat' dir='ltr'>videtur.</span> <span class='ocrx_word' id='word_1_55' title='bbox 1105 791 1128 814; x_wconf 78' lang='grc' dir='ltr'><strong>υ</strong></span> 
     </span>
    </p>
   </div>
   <div class='ocr_carea' id='block_1_3' title="bbox 785 886 1358 936">
    <p class='ocr_par' dir='ltr' id='par_1_3' title="bbox 785 886 1358 936">
     <span class='ocr_line' id='line_1_8' title="bbox 785 886 1358 936; baseline 0 -13"><span class='ocrx_word' id='word_1_56' title='bbox 785 889 864 924; x_wconf 79' lang='lat' dir='ltr'>Lx.</span> <span class='ocrx_word' id='word_1_57' title='bbox 889 909 937 916; x_wconf 92' lang='lat'><strong>—</strong></span> <span class='ocrx_word' id='word_1_58' title='bbox 960 886 1196 936; x_wconf 67' lang='lat' dir='ltr'>Philosophia</span> <span class='ocrx_word' id='word_1_59' title='bbox 1217 887 1358 923; x_wconf 76' lang='lat' dir='ltr'>divisio.</span> 
     </span>
    </p>
   </div>
   <div class='ocr_carea' id='block_1_4' title="bbox 349 964 1797 1195">
    <p class='ocr_par' dir='ltr' id='par_1_4' title="bbox 349 964 1797 1195">
     <span class='ocr_line' id='line_1_9' title="bbox 415 964 1792 1037; baseline 0.001 -18"><span class='ocrx_word' id='word_1_60' title='bbox 415 970 485 1019; x_wconf 83' lang='lat' dir='ltr'>Ad</span> <span class='ocrx_word' id='word_1_61' title='bbox 515 970 618 1020; x_wconf 84' lang='lat' dir='ltr'>haec</span> <span class='ocrx_word' id='word_1_62' title='bbox 642 971 858 1031; x_wconf 90' lang='lat' dir='ltr'>Otricus,</span> <span class='ocrx_word' id='word_1_63' title='bbox 886 972 1117 1020; x_wconf 86' lang='lat' dir='ltr'>innuente</span> <span class='ocrx_word' id='word_1_64' title='bbox 1147 981 1376 1037; x_wconf 86' lang='lat' dir='ltr'>augusto,</span> <span class='ocrx_word' id='word_1_65' title='bbox 1398 971 1466 1019; x_wconf 81' lang='lat' dir='ltr'>sic</span> <span class='ocrx_word' id='word_1_66' title='bbox 1488 964 1585 1020; x_wconf 73' lang='lat' dir='ltr'>ait:</span> <span class='ocrx_word' id='word_1_67' title='bbox 1611 990 1635 1018; x_wconf 78' lang='grc' dir='ltr'>α</span> <span class='ocrx_word' id='word_1_68' title='bbox 1656 972 1792 1031; x_wconf 88' lang='lat' dir='ltr'>Quo·</span> 
     </span>
     <span class='ocr_line' id='line_1_10' title="bbox 350 1048 1797 1118; baseline 0.002 -22"><span class='ocrx_word' id='word_1_69' title='bbox 350 1070 373 1095; x_wconf 87' lang='lat'><strong><em>«</em></strong></span> <span class='ocrx_word' id='word_1_70' title='bbox 404 1050 534 1098; x_wconf 87' lang='lat' dir='ltr'>niam</span> <span class='ocrx_word' id='word_1_71' title='bbox 553 1049 871 1116; x_wconf 70' lang='lat' dir='ltr'>philosophiae</span> <span class='ocrx_word' id='word_1_72' title='bbox 888 1060 1047 1118; x_wconf 90' lang='lat' dir='ltr'>partes</span> <span class='ocrx_word' id='word_1_73' title='bbox 1066 1049 1249 1116; x_wconf 90' lang='lat' dir='ltr'>aliquot</span> <span class='ocrx_word' id='word_1_74' title='bbox 1263 1048 1472 1098; x_wconf 87' lang='lat' dir='ltr'>breviter</span> <span class='ocrx_word' id='word_1_75' title='bbox 1491 1048 1687 1116; x_wconf 67' lang='lat' dir='ltr'>attigisti</span> <span class='ocrx_word' id='word_1_76' title='bbox 1696 1085 1719 1111; x_wconf 10' lang='lat' dir='ltr'>,Y</span> <span class='ocrx_word' id='word_1_77' title='bbox 1732 1049 1797 1099; x_wconf 71' lang='lat' dir='ltr'>nd</span> 
     </span>
     <span class='ocr_line' id='line_1_11' title="bbox 349 1126 1793 1195; baseline 0.003 -23"><span class='ocrx_word' id='word_1_78' title='bbox 349 1149 372 1172; x_wconf 88' lang='lat'>«</span> <span class='ocrx_word' id='word_1_79' title='bbox 402 1127 601 1194; x_wconf 90' lang='lat' dir='ltr'>plenum</span> <span class='ocrx_word' id='word_1_80' title='bbox 625 1138 820 1195; x_wconf 83' lang='lat' dir='ltr'>oportet</span> <span class='ocrx_word' id='word_1_81' title='bbox 838 1139 892 1177; x_wconf 90' lang='lat' dir='ltr'>ut</span> <span class='ocrx_word' id='word_1_82' title='bbox 910 1139 957 1177; x_wconf 90' lang='lat' dir='ltr'>et</span> <span class='ocrx_word' id='word_1_83' title='bbox 975 1128 1184 1189; x_wconf 83' lang='lat' dir='ltr'>dividas,</span> <span class='ocrx_word' id='word_1_84' title='bbox 1212 1138 1260 1177; x_wconf 90' lang='lat' dir='ltr'>et</span> <span class='ocrx_word' id='word_1_85' title='bbox 1283 1127 1572 1177; x_wconf 89' lang='lat' dir='ltr'>divisionem</span> <span class='ocrx_word' id='word_1_86' title='bbox 1594 1126 1793 1179; x_wconf 74' lang='lat' dir='ltr'>enodes.</span> 
     </span>
    </p>
   </div>
   <div class='ocr_carea' id='block_1_5' title="bbox 350 1206 1819 1274">
    <p class='ocr_par' dir='ltr' id='par_1_5' title="bbox 350 1206 1819 1274">
     <span class='ocr_line' id='line_1_12' title="bbox 350 1206 1819 1274; baseline 0.001 -22"><span class='ocrx_word' id='word_1_87' title='bbox 350 1227 372 1252; x_wconf 88' lang='lat'>«</span> <span class='ocrx_word' id='word_1_88' title='bbox 403 1207 576 1272; x_wconf 91' lang='lat' dir='ltr'>Sicque</span> <span class='ocrx_word' id='word_1_89' title='bbox 599 1206 702 1255; x_wconf 78' lang='lat' dir='ltr'>fieri</span> <span class='ocrx_word' id='word_1_90' title='bbox 720 1208 913 1274; x_wconf 87' lang='lat' dir='ltr'>poterit,</span> <span class='ocrx_word' id='word_1_91' title='bbox 933 1218 987 1255; x_wconf 91' lang='lat' dir='ltr'>ut</span> <span class='ocrx_word' id='word_1_92' title='bbox 1004 1224 1063 1256; x_wconf 84' lang='lat' dir='ltr'>ex</span> <span class='ocrx_word' id='word_1_93' title='bbox 1085 1206 1325 1273; x_wconf 83' lang='lat' dir='ltr'>probabili</span> <span class='ocrx_word' id='word_1_94' title='bbox 1345 1206 1599 1268; x_wconf 86' lang='lat' dir='ltr'>divisione,</span> <span class='ocrx_word' id='word_1_95' title='bbox 1616 1206 1819 1256; x_wconf 70' lang='lat' dir='ltr'>vitiose.</span> 
     </span>
    </p>
   </div>
   <div class='ocr_carea' id='block_1_6' title="bbox 347 1284 1800 2280">
    <p class='ocr_par' dir='ltr' id='par_1_6' title="bbox 347 1284 1800 2280">
     <span class='ocr_line' id='line_1_13' title="bbox 350 1284 1800 1353; baseline 0.003 -23"><span class='ocrx_word' id='word_1_96' title='bbox 350 1305 374 1330; x_wconf 93' lang='lat'>«</span> <span class='ocrx_word' id='word_1_97' title='bbox 405 1285 567 1351; x_wconf 81' lang='lat' dir='ltr'>figurae</span> <span class='ocrx_word' id='word_1_98' title='bbox 583 1287 792 1353; x_wconf 89' lang='lat' dir='ltr'>suspicio</span> <span class='ocrx_word' id='word_1_99' title='bbox 810 1303 838 1334; x_wconf 92' lang='lat' dir='ltr'>a</span> <span class='ocrx_word' id='word_1_100' title='bbox 856 1297 904 1335; x_wconf 90' lang='lat' dir='ltr'>te</span> <span class='ocrx_word' id='word_1_101' title='bbox 919 1297 1239 1335; x_wconf 82' lang='lat' dir='ltr'>removeatur.</span> <span class='ocrx_word' id='word_1_102' title='bbox 1270 1305 1294 1331; x_wconf 78' lang='grc' dir='ltr'><strong>υ</strong></span> <span class='ocrx_word' id='word_1_103' title='bbox 1314 1289 1449 1334; x_wconf 87' lang='lat' dir='ltr'>Tunc</span> <span class='ocrx_word' id='word_1_104' title='bbox 1466 1300 1664 1351; x_wconf 85' lang='lat' dir='ltr'>quoque</span> <span class='ocrx_word' id='word_1_105' title='bbox 1676 1284 1800 1335; x_wconf 68' lang='lat' dir='ltr'>Ger·</span> 
     </span>
     <span class='ocr_line' id='line_1_14' title="bbox 347 1363 1799 1431; baseline 0 -19"><span class='ocrx_word' id='word_1_106' title='bbox 347 1363 535 1412; x_wconf 87' lang='lat' dir='ltr'>bertus:</span> <span class='ocrx_word' id='word_1_107' title='bbox 572 1384 595 1410; x_wconf 88' lang='lat'><strong><em>«</em></strong></span> <span class='ocrx_word' id='word_1_108' title='bbox 620 1367 744 1413; x_wconf 90' lang='lat' dir='ltr'>Cum</span> <span class='ocrx_word' id='word_1_109' title='bbox 773 1365 868 1413; x_wconf 90' lang='lat' dir='ltr'>hoc</span> <span class='ocrx_word' id='word_1_110' title='bbox 896 1384 919 1409; x_wconf 74' lang='grc' dir='ltr'>»ι</span> <span class='ocrx_word' id='word_1_111' title='bbox 951 1365 1107 1430; x_wconf 91' lang='lat' dir='ltr'>inquit</span> <span class='ocrx_word' id='word_1_112' title='bbox 1133 1385 1158 1410; x_wconf 91' lang='lat'>«</span> <span class='ocrx_word' id='word_1_113' title='bbox 1188 1365 1350 1430; x_wconf 89' lang='lat' dir='ltr'>magni</span> <span class='ocrx_word' id='word_1_114' title='bbox 1377 1372 1593 1424; x_wconf 67' lang='lat' dir='ltr'>constet,</span> <span class='ocrx_word' id='word_1_115' title='bbox 1629 1370 1799 1431; x_wconf 82' lang='lat' dir='ltr'>utpote</span> 
     </span>
     <span class='ocr_line' id='line_1_15' title="bbox 352 1441 1799 1510; baseline 0.001 -21"><span class='ocrx_word' id='word_1_116' title='bbox 352 1463 374 1488; x_wconf 76' lang='grc' dir='ltr'><strong><em>κ</em></strong></span> <span class='ocrx_word' id='word_1_117' title='bbox 405 1443 679 1491; x_wconf 83' lang='lat' dir='ltr'>divinarum</span> <span class='ocrx_word' id='word_1_118' title='bbox 703 1453 751 1492; x_wconf 90' lang='lat' dir='ltr'>et</span> <span class='ocrx_word' id='word_1_119' title='bbox 774 1443 1099 1492; x_wconf 89' lang='lat' dir='ltr'>humanarum</span> <span class='ocrx_word' id='word_1_120' title='bbox 1122 1459 1283 1491; x_wconf 91' lang='lat' dir='ltr'>rerum</span> <span class='ocrx_word' id='word_1_121' title='bbox 1314 1441 1686 1510; x_wconf 80' lang='lat' dir='ltr'>comprehensio</span> <span class='ocrx_word' id='word_1_122' title='bbox 1719 1450 1799 1492; x_wconf 71' lang='lat' dir='ltr'>ve·</span> 
     </span>
     <span class='ocr_line' id='line_1_16' title="bbox 352 1522 1800 1587; baseline 0.001 -20"><span class='ocrx_word' id='word_1_123' title='bbox 352 1542 375 1566; x_wconf 90' lang='lat'>«</span> <span class='ocrx_word' id='word_1_124' title='bbox 406 1522 554 1569; x_wconf 89' lang='lat' dir='ltr'>ritatis</span> <span class='ocrx_word' id='word_1_125' title='bbox 569 1558 582 1582; x_wconf 93' lang='lat'>,</span> <span class='ocrx_word' id='word_1_126' title='bbox 611 1532 772 1570; x_wconf 84' lang='lat' dir='ltr'>tamen</span> <span class='ocrx_word' id='word_1_127' title='bbox 792 1531 845 1571; x_wconf 90' lang='lat' dir='ltr'>ut</span> <span class='ocrx_word' id='word_1_128' title='bbox 876 1539 967 1570; x_wconf 92' lang='lat' dir='ltr'>nec</span> <span class='ocrx_word' id='word_1_129' title='bbox 995 1539 1085 1570; x_wconf 92' lang='lat' dir='ltr'>nos</span> <span class='ocrx_word' id='word_1_130' title='bbox 1111 1522 1308 1587; x_wconf 84' lang='lat' dir='ltr'>ignaviae</span> <span class='ocrx_word' id='word_1_131' title='bbox 1337 1537 1612 1586; x_wconf 82' lang='lat' dir='ltr'>arguamur,</span> <span class='ocrx_word' id='word_1_132' title='bbox 1641 1530 1691 1569; x_wconf 87' lang='lat' dir='ltr'>et</span> <span class='ocrx_word' id='word_1_133' title='bbox 1714 1537 1800 1569; x_wconf 85' lang='lat' dir='ltr'>au·</span> 
     </span>
     <span class='ocr_line' id='line_1_17' title="bbox 351 1600 1798 1667; baseline 0.001 -21"><span class='ocrx_word' id='word_1_134' title='bbox 351 1621 375 1646; x_wconf 91' lang='lat'><em>«</em></span> <span class='ocrx_word' id='word_1_135' title='bbox 405 1601 619 1649; x_wconf 87' lang='lat' dir='ltr'>ditorum</span> <span class='ocrx_word' id='word_1_136' title='bbox 637 1600 785 1666; x_wconf 81' lang='lat' dir='ltr'>aliqui</span> <span class='ocrx_word' id='word_1_137' title='bbox 802 1601 1036 1667; x_wconf 86' lang='lat' dir='ltr'>proficere</span> <span class='ocrx_word' id='word_1_138' title='bbox 1060 1602 1272 1666; x_wconf 85' lang='lat' dir='ltr'>possint,</span> <span class='ocrx_word' id='word_1_139' title='bbox 1301 1600 1569 1648; x_wconf 89' lang='lat' dir='ltr'>secundum</span> <span class='ocrx_word' id='word_1_140' title='bbox 1595 1601 1798 1648; x_wconf 83' lang='lat' dir='ltr'>Vitruvii</span> 
     </span>
     <span class='ocr_line' id='line_1_18' title="bbox 352 1674 1799 1746; baseline 0.002 -22"><span class='ocrx_word' id='word_1_141' title='bbox 352 1701 375 1725; x_wconf 88' lang='lat'>«</span> <span class='ocrx_word' id='word_1_142' title='bbox 405 1690 549 1745; x_wconf 92' lang='lat' dir='ltr'>atque</span> <span class='ocrx_word' id='word_1_143' title='bbox 569 1674 720 1728; x_wconf 84' lang='lat' dir='ltr'>Boe&#39;tii</span> <span class='ocrx_word' id='word_1_144' title='bbox 739 1679 1025 1728; x_wconf 87' lang='lat' dir='ltr'>divisionem</span> <span class='ocrx_word' id='word_1_145' title='bbox 1055 1680 1216 1727; x_wconf 84' lang='lat' dir='ltr'>dicere</span> <span class='ocrx_word' id='word_1_146' title='bbox 1238 1696 1338 1727; x_wconf 92' lang='lat' dir='ltr'>non</span> <span class='ocrx_word' id='word_1_147' title='bbox 1354 1678 1549 1746; x_wconf 85' lang='lat' dir='ltr'>pigebit.</span> <span class='ocrx_word' id='word_1_148' title='bbox 1571 1682 1654 1727; x_wconf 89' lang='lat' dir='ltr'>Est</span> <span class='ocrx_word' id='word_1_149' title='bbox 1668 1679 1799 1727; x_wconf 90' lang='lat' dir='ltr'>enim</span> 
     </span>
     <span class='ocr_line' id='line_1_19' title="bbox 352 1757 1800 1825; baseline 0.002 -22"><span class='ocrx_word' id='word_1_150' title='bbox 352 1780 375 1804; x_wconf 88' lang='lat'>«</span> <span class='ocrx_word' id='word_1_151' title='bbox 405 1757 714 1825; x_wconf 86' lang='lat' dir='ltr'>philosophia</span> <span class='ocrx_word' id='word_1_152' title='bbox 747 1775 926 1823; x_wconf 83' lang='lat' dir='ltr'>genus;</span> <span class='ocrx_word' id='word_1_153' title='bbox 960 1758 1096 1822; x_wconf 87' lang='lat' dir='ltr'>cujus</span> <span class='ocrx_word' id='word_1_154' title='bbox 1125 1758 1309 1824; x_wconf 89' lang='lat' dir='ltr'>species</span> <span class='ocrx_word' id='word_1_155' title='bbox 1335 1767 1476 1818; x_wconf 90' lang='lat' dir='ltr'>sunt,</span> <span class='ocrx_word' id='word_1_156' title='bbox 1504 1758 1714 1823; x_wconf 77' lang='lat' dir='ltr'>practice</span> <span class='ocrx_word' id='word_1_157' title='bbox 1750 1768 1800 1806; x_wconf 88' lang='lat' dir='ltr'>et</span> 
     </span>
     <span class='ocr_line' id='line_1_20' title="bbox 353 1835 1800 1903; baseline 0.003 -21"><span class='ocrx_word' id='word_1_158' title='bbox 353 1859 374 1883; x_wconf 77' lang='grc' dir='ltr'><em>α</em></span> <span class='ocrx_word' id='word_1_159' title='bbox 406 1837 692 1897; x_wconf 90' lang='lat' dir='ltr'>theoretice;</span> <span class='ocrx_word' id='word_1_160' title='bbox 734 1837 964 1902; x_wconf 88' lang='lat' dir='ltr'>practices</span> <span class='ocrx_word' id='word_1_161' title='bbox 999 1852 1116 1883; x_wconf 85' lang='lat' dir='ltr'>vero</span> <span class='ocrx_word' id='word_1_162' title='bbox 1147 1836 1330 1901; x_wconf 87' lang='lat' dir='ltr'>species</span> <span class='ocrx_word' id='word_1_163' title='bbox 1358 1835 1488 1898; x_wconf 90' lang='lat' dir='ltr'>dico,</span> <span class='ocrx_word' id='word_1_164' title='bbox 1517 1835 1800 1903; x_wconf 76' lang='lat' dir='ltr'>dispensati-</span> 
     </span>
     <span class='ocr_line' id='line_1_21' title="bbox 353 1913 1797 1976; baseline 0.001 -14"><span class='ocrx_word' id='word_1_165' title='bbox 353 1938 375 1963; x_wconf 90' lang='lat'>«</span> <span class='ocrx_word' id='word_1_166' title='bbox 405 1932 532 1976; x_wconf 86' lang='lat' dir='ltr'>vam,</span> <span class='ocrx_word' id='word_1_167' title='bbox 556 1913 923 1976; x_wconf 86' lang='lat' dir='ltr'>distributivam,</span> <span class='ocrx_word' id='word_1_168' title='bbox 945 1914 1148 1962; x_wconf 90' lang='lat' dir='ltr'>civilem.</span> <span class='ocrx_word' id='word_1_169' title='bbox 1171 1913 1272 1961; x_wconf 92' lang='lat' dir='ltr'>Sub</span> <span class='ocrx_word' id='word_1_170' title='bbox 1286 1914 1548 1965; x_wconf 88' lang='lat' dir='ltr'>theoretice</span> <span class='ocrx_word' id='word_1_171' title='bbox 1562 1930 1680 1967; x_wconf 83' lang='lat' dir='ltr'>vero</span> <span class='ocrx_word' id='word_1_172' title='bbox 1694 1932 1797 1964; x_wconf 82' lang='lat' dir='ltr'>non</span> 
     </span>
     <span class='ocr_line' id='line_1_22' title="bbox 352 1992 1799 2060; baseline 0.001 -18"><span class='ocrx_word' id='word_1_173' title='bbox 352 2018 374 2043; x_wconf 86' lang='lat'>«</span> <span class='ocrx_word' id='word_1_174' title='bbox 405 1997 669 2060; x_wconf 88' lang='lat' dir='ltr'>incongrue</span> <span class='ocrx_word' id='word_1_175' title='bbox 687 1993 1032 2060; x_wconf 88' lang='lat' dir='ltr'>intelliguntur,</span> <span class='ocrx_word' id='word_1_176' title='bbox 1059 1992 1242 2060; x_wconf 90' lang='lat' dir='ltr'>phisica</span> <span class='ocrx_word' id='word_1_177' title='bbox 1260 1993 1507 2058; x_wconf 77' lang='lat' dir='ltr'>naturalis,</span> <span class='ocrx_word' id='word_1_178' title='bbox 1534 1993 1799 2045; x_wconf 74' lang='lat' dir='ltr'>mathema·</span> 
     </span>
     <span class='ocr_line' id='line_1_23' title="bbox 352 2071 1796 2138; baseline 0.001 -18"><span class='ocrx_word' id='word_1_179' title='bbox 352 2097 375 2121; x_wconf 88' lang='lat'>«</span> <span class='ocrx_word' id='word_1_180' title='bbox 406 2076 498 2124; x_wconf 86' lang='lat' dir='ltr'>tica</span> <span class='ocrx_word' id='word_1_181' title='bbox 531 2072 857 2138; x_wconf 90' lang='lat' dir='ltr'>intelligibilis,</span> <span class='ocrx_word' id='word_1_182' title='bbox 898 2088 955 2120; x_wconf 89' lang='lat' dir='ltr'>ac</span> <span class='ocrx_word' id='word_1_183' title='bbox 988 2071 1229 2137; x_wconf 88' lang='lat' dir='ltr'>theologia</span> <span class='ocrx_word' id='word_1_184' title='bbox 1276 2071 1628 2123; x_wconf 79' lang='lat' dir='ltr'>intellectibilis.</span> <span class='ocrx_word' id='word_1_185' title='bbox 1667 2074 1796 2123; x_wconf 71' lang='lat' dir='ltr'>Rur-</span> 
     </span>
     <span class='ocr_line' id='line_1_24' title="bbox 351 2145 1796 2220; baseline 0.001 -20"><span class='ocrx_word' id='word_1_186' title='bbox 351 2177 374 2201; x_wconf 89' lang='lat'>«</span> <span class='ocrx_word' id='word_1_187' title='bbox 402 2171 579 2219; x_wconf 86' lang='lat' dir='ltr'>susque</span> <span class='ocrx_word' id='word_1_188' title='bbox 603 2151 989 2201; x_wconf 85' lang='lat' dir='ltr'>mathematicam</span> <span class='ocrx_word' id='word_1_189' title='bbox 1013 2151 1105 2199; x_wconf 87' lang='lat' dir='ltr'>suh</span> <span class='ocrx_word' id='word_1_190' title='bbox 1127 2150 1312 2217; x_wconf 87' lang='lat' dir='ltr'>phisica</span> <span class='ocrx_word' id='word_1_191' title='bbox 1336 2145 1438 2201; x_wconf 88' lang='lat' dir='ltr'>non</span> <span class='ocrx_word' id='word_1_192' title='bbox 1456 2156 1629 2220; x_wconf 79' lang='lat' dir='ltr'>praete&#39;r</span> <span class='ocrx_word' id='word_1_193' title='bbox 1650 2153 1796 2202; x_wconf 78' lang='lat' dir='ltr'>ratio·</span> 
     </span>
     <span class='ocr_line' id='line_1_25' title="bbox 350 2230 904 2280; baseline 0 -2"><span class='ocrx_word' id='word_1_194' title='bbox 350 2254 373 2278; x_wconf 91' lang='lat'>«</span> <span class='ocrx_word' id='word_1_195' title='bbox 403 2249 516 2280; x_wconf 91' lang='lat' dir='ltr'>nem</span> <span class='ocrx_word' id='word_1_196' title='bbox 539 2230 847 2279; x_wconf 88' lang='lat' dir='ltr'>collocamus.</span> <span class='ocrx_word' id='word_1_197' title='bbox 880 2249 904 2274; x_wconf 77' lang='grc' dir='ltr'><strong>υ</strong></span> 
     </span>
    </p>
   </div>
   <div class='ocr_carea' id='block_1_7' title="bbox 347 2330 1792 2381">
    <p class='ocr_par' dir='ltr' id='par_1_7' title="bbox 347 2330 1792 2381">
     <span class='ocr_line' id='line_1_26' title="bbox 347 2330 1792 2381; baseline 0 -12"><span class='ocrx_word' id='word_1_198' title='bbox 347 2334 444 2369; x_wconf 82' lang='lat' dir='ltr'>LXI.</span> <span class='ocrx_word' id='word_1_199' title='bbox 463 2353 512 2360; x_wconf 93' lang='lat'><strong>—</strong></span> <span class='ocrx_word' id='word_1_200' title='bbox 526 2333 766 2379; x_wconf 79' lang='lat' dir='ltr'>Reprehensio</span> <span class='ocrx_word' id='word_1_201' title='bbox 781 2330 964 2368; x_wconf 73' lang='lat' dir='ltr'>divisionis</span> <span class='ocrx_word' id='word_1_202' title='bbox 979 2332 1025 2366; x_wconf 81' lang='lat' dir='ltr'>ab</span> <span class='ocrx_word' id='word_1_203' title='bbox 1041 2332 1165 2367; x_wconf 74' lang='lat' dir='ltr'>otrico</span> <span class='ocrx_word' id='word_1_204' title='bbox 1181 2332 1315 2367; x_wconf 87' lang='lat' dir='ltr'>inutilis</span> <span class='ocrx_word' id='word_1_205' title='bbox 1326 2358 1336 2375; x_wconf 91' lang='lat'>,</span> <span class='ocrx_word' id='word_1_206' title='bbox 1354 2344 1396 2367; x_wconf 83' lang='lat' dir='ltr'>ac</span> <span class='ocrx_word' id='word_1_207' title='bbox 1413 2331 1577 2368; x_wconf 72' lang='lat' dir='ltr'>Gen-berti</span> <span class='ocrx_word' id='word_1_208' title='bbox 1594 2331 1792 2381; x_wconf 89' lang='lat' dir='ltr'>responsio.</span> 
     </span>
    </p>
   </div>
   <div class='ocr_carea' id='block_1_8' title="bbox 344 2416 1794 2877">
    <p class='ocr_par' dir='ltr' id='par_1_8' title="bbox 344 2416 1794 2877">
     <span class='ocr_line' id='line_1_27' title="bbox 412 2416 1794 2483; baseline 0.002 -17"><span class='ocrx_word' id='word_1_209' title='bbox 412 2419 647 2483; x_wconf 88' lang='lat' dir='ltr'>Nisusque</span> <span class='ocrx_word' id='word_1_210' title='bbox 667 2417 801 2482; x_wconf 90' lang='lat' dir='ltr'>quod</span> <span class='ocrx_word' id='word_1_211' title='bbox 819 2416 1060 2482; x_wconf 90' lang='lat' dir='ltr'>reliquum</span> <span class='ocrx_word' id='word_1_212' title='bbox 1079 2426 1182 2465; x_wconf 90' lang='lat' dir='ltr'>erat</span> <span class='ocrx_word' id='word_1_213' title='bbox 1203 2417 1449 2482; x_wconf 86' lang='lat' dir='ltr'>prosequi,</span> <span class='ocrx_word' id='word_1_214' title='bbox 1470 2417 1664 2468; x_wconf 72' lang='lat' dir='ltr'>otricus</span> <span class='ocrx_word' id='word_1_215' title='bbox 1678 2417 1794 2468; x_wconf 83' lang='lat' dir='ltr'>sub-</span> 
     </span>
     <span class='ocr_line' id='line_1_28' title="bbox 344 2494 1792 2564; baseline 0 -18"><span class='ocrx_word' id='word_1_216' title='bbox 344 2497 505 2546; x_wconf 89' lang='lat' dir='ltr'>intulit</span> <span class='ocrx_word' id='word_1_217' title='bbox 533 2516 543 2544; x_wconf 92' lang='lat'>:</span> <span class='ocrx_word' id='word_1_218' title='bbox 576 2516 598 2541; x_wconf 88' lang='lat'>«</span> <span class='ocrx_word' id='word_1_219' title='bbox 631 2497 778 2544; x_wconf 89' lang='lat' dir='ltr'>Miror</span> <span class='ocrx_word' id='word_1_220' title='bbox 802 2515 826 2540; x_wconf 87' lang='lat'>»</span> <span class='ocrx_word' id='word_1_221' title='bbox 859 2496 1081 2562; x_wconf 90' lang='lat' dir='ltr'>inquiens</span> <span class='ocrx_word' id='word_1_222' title='bbox 1119 2515 1143 2542; x_wconf 78' lang='grc' dir='ltr'>α</span> <span class='ocrx_word' id='word_1_223' title='bbox 1183 2494 1625 2559; x_wconf 82' lang='lat' dir='ltr'>vehementissime,</span> <span class='ocrx_word' id='word_1_224' title='bbox 1653 2498 1792 2564; x_wconf 77' lang='lat' dir='ltr'>quod</span> 
     </span>
     <span class='ocr_line' id='line_1_29' title="bbox 348 2568 1787 2641; baseline 0.003 -21"><span class='ocrx_word' id='word_1_225' title='bbox 348 2595 372 2621; x_wconf 91' lang='lat'>«</span> <span class='ocrx_word' id='word_1_226' title='bbox 400 2574 591 2640; x_wconf 84' lang='lat' dir='ltr'>phisicae</span> <span class='ocrx_word' id='word_1_227' title='bbox 620 2574 1005 2622; x_wconf 88' lang='lat' dir='ltr'>mathematicam</span> <span class='ocrx_word' id='word_1_228' title='bbox 1028 2568 1097 2622; x_wconf 88' lang='lat' dir='ltr'>sic</span> <span class='ocrx_word' id='word_1_229' title='bbox 1117 2573 1179 2622; x_wconf 88' lang='lat' dir='ltr'>de</span> <span class='ocrx_word' id='word_1_230' title='bbox 1202 2576 1481 2641; x_wconf 91' lang='lat' dir='ltr'>propinquo</span> <span class='ocrx_word' id='word_1_231' title='bbox 1505 2573 1759 2625; x_wconf 73' lang='lat' dir='ltr'>subdidisti</span> <span class='ocrx_word' id='word_1_232' title='bbox 1774 2613 1787 2637; x_wconf 92' lang='lat'><strong><em>‚</em></strong></span> 
     </span>
     <span class='ocr_line' id='line_1_30' title="bbox 346 2653 1792 2723; baseline 0.002 -23"><span class='ocrx_word' id='word_1_233' title='bbox 346 2675 370 2700; x_wconf 70' lang='grc' dir='ltr'>κ</span> <span class='ocrx_word' id='word_1_234' title='bbox 396 2670 508 2702; x_wconf 89' lang='lat' dir='ltr'>eum</span> <span class='ocrx_word' id='word_1_235' title='bbox 534 2655 658 2702; x_wconf 88' lang='lat' dir='ltr'>inter</span> <span class='ocrx_word' id='word_1_236' title='bbox 671 2664 925 2719; x_wconf 84' lang='lat' dir='ltr'>utramque</span> <span class='ocrx_word' id='word_1_237' title='bbox 947 2653 1275 2702; x_wconf 87' lang='lat' dir='ltr'>subalternum</span> <span class='ocrx_word' id='word_1_238' title='bbox 1297 2672 1447 2720; x_wconf 86' lang='lat' dir='ltr'>genus</span> <span class='ocrx_word' id='word_1_239' title='bbox 1471 2654 1668 2722; x_wconf 72' lang='lat' dir='ltr'>intelligi</span> <span class='ocrx_word' id='word_1_240' title='bbox 1683 2670 1792 2723; x_wconf 85' lang='lat' dir='ltr'>pos-</span> 
     </span>
     <span class='ocr_line' id='line_1_31' title="bbox 345 2732 1789 2799; baseline 0.005 -21"><span class='ocrx_word' id='word_1_241' title='bbox 345 2755 367 2779; x_wconf 87' lang='lat'>«</span> <span class='ocrx_word' id='word_1_242' title='bbox 396 2733 456 2782; x_wconf 88' lang='lat' dir='ltr'>sit</span> <span class='ocrx_word' id='word_1_243' title='bbox 479 2732 777 2799; x_wconf 87' lang='lat' dir='ltr'>phisiologia.</span> <span class='ocrx_word' id='word_1_244' title='bbox 802 2734 1035 2781; x_wconf 90' lang='lat' dir='ltr'>Vitiosum</span> <span class='ocrx_word' id='word_1_245' title='bbox 1059 2735 1238 2783; x_wconf 89' lang='lat' dir='ltr'>etenim</span> <span class='ocrx_word' id='word_1_246' title='bbox 1260 2734 1401 2783; x_wconf 82' lang='lat' dir='ltr'>valde</span> <span class='ocrx_word' id='word_1_247' title='bbox 1423 2734 1630 2797; x_wconf 84' lang='lat' dir='ltr'>videtur,</span> <span class='ocrx_word' id='word_1_248' title='bbox 1653 2736 1691 2784; x_wconf 81' lang='lat' dir='ltr'>si</span> <span class='ocrx_word' id='word_1_249' title='bbox 1715 2736 1789 2785; x_wconf 88' lang='lat' dir='ltr'>ni-</span> 
     </span>
     <span class='ocr_line' id='line_1_32' title="bbox 345 2812 1789 2877; baseline 0.006 -22"><span class='ocrx_word' id='word_1_250' title='bbox 345 2834 366 2856; x_wconf 84' lang='lat'><em>«</em></span> <span class='ocrx_word' id='word_1_251' title='bbox 399 2815 488 2860; x_wconf 87' lang='lat' dir='ltr'>mis</span> <span class='ocrx_word' id='word_1_252' title='bbox 509 2812 652 2875; x_wconf 84' lang='lat' dir='ltr'>longe</span> <span class='ocrx_word' id='word_1_253' title='bbox 684 2813 829 2876; x_wconf 84' lang='lat' dir='ltr'>petita</span> <span class='ocrx_word' id='word_1_254' title='bbox 856 2830 980 2876; x_wconf 66' lang='lat' dir='ltr'>pan-S,</span> <span class='ocrx_word' id='word_1_255' title='bbox 1010 2813 1069 2861; x_wconf 87' lang='lat' dir='ltr'>ad</span> <span class='ocrx_word' id='word_1_256' title='bbox 1096 2815 1279 2877; x_wconf 80' lang='lat' dir='ltr'>generis</span> <span class='ocrx_word' id='word_1_257' title='bbox 1304 2814 1576 2862; x_wconf 85' lang='lat' dir='ltr'>conferatur</span> <span class='ocrx_word' id='word_1_258' title='bbox 1596 2814 1789 2864; x_wconf 79' lang='lat' dir='ltr'>divisio-</span> 
     </span>
    </p>
   </div>
   <div class='ocr_carea' id='block_1_9' title="bbox 1880 123 1890 278">
    <p class='ocr_par' dir='ltr' id='par_1_9' title="bbox 1880 123 1890 278">
     <span class='ocr_line' id='line_1_33' title="bbox 1880 123 1890 278; textangle 90"><span class='ocrx_word' id='word_1_259' title='bbox 1887 268 1890 278; x_wconf 45' lang='lat'><em>„</em></span> <span class='ocrx_word' id='word_1_260' title='bbox 1880 123 1890 235; x_wconf 48' lang='grc' dir='ltr'>..ι-ΑΜ</span> 
     </span>
    </p>
   </div>
  </div>
 </body>
</html>
