1872 3372
363 314 443 354 276
846 311 1064 352 RlCllERl
1098 311 1195 351 Lm.
1227 312 1296 351 lV.

361 404 552 451 faciunt.
583 406 679 450 Nec
704 403 862 450 minus
893 402 1202 451 Flandrenses
1231 404 1241 426 ¹
1283 403 1498 462 accersit,
1539 402 1600 452 ab
1628 404 1790 469 eisque

360 482 554 530 tutelam
585 482 736 547 petiit,
768 481 920 528 vicem
950 481 1196 547 pollicens,
1230 482 1268 528 si
1293 481 1423 546 quod
1447 481 1565 548 petit
1589 499 1688 530 non
1712 482 1790 530 ab·

358 572 522 609 nuant.
563 559 630 606 llli
664 576 857 624 quoque
893 560 1054 607 animo
1090 559 1269 607 liberali
1300 560 1483 624 quesita
1518 576 1789 608 accommo-

356 638 488 686 dant.
533 638 697 685 Piratis
726 639 868 686 etiam
905 638 1083 702 legatos
1116 638 1339 703 dirigens,
1379 639 1541 704 copias
1570 638 1659 686 sibi
1686 654 1786 687 non

355 718 514 781 negari
533 716 763 782 deposcit.
786 719 993 782 Tempus
1011 727 1057 764 et
1075 716 1207 764 locus
1226 717 1449 764 omnibus
1465 717 1782 778 constituitur,

352 812 450 859 quo
475 795 661 842 collecti
690 812 791 842 sese
821 795 1083 842 conferant.
1114 794 1223 841 Odo
1254 795 1441 842 interim
1474 811 1586 841 suos
1610 794 1782 861 placat,

351 874 527 938 colligit
550 883 597 920 et
624 874 809 927 incitat,
841 883 1064 937 ratusque
1094 872 1256 937 Belgas
1283 883 1328 919 et
1353 873 1527 938 piratas
1552 874 1787 939 tempesti-

348 970 450 1013 VOS,
473 968 584 999 cum
608 968 803 998 suorum
834 951 997 1017 paucis
1022 961 1151 999 tanta
1185 951 1422 999 celeritate
1455 952 1500 998 in
1526 951 1782 999 Fulconem

354 1031 514 1086 fertur,
538 1031 656 1077 utin
688 1030 945 1077 certamine
970 1029 1075 1094 plus
1093 1039 1299 1094 quatuor
1329 1029 1519 1077 milibus
1550 1039 1784 1096 pugnato-

348 1125 454 1155 rum
475 1124 571 1154 non
601 1107 811 1155 haberet.
849 1109 1013 1153 Castro
1044 1116 1202 1154 tamen
1232 1105 1532 1154 obsidionem
1566 1106 1778 1167 adhibet,

346 1186 688 1250 armiferosque
712 1184 923 1249 disponit
939 1220 952 1243 ‚
983 1193 1245 1232 castrenses
1263 1184 1414 1232 multo
1442 1195 1617 1233 conatu
1644 1185 1781 1233 adur—

346 1274 438 1328 get.

548 1373 645 1408 XCI.
658 1392 705 1399 —
721 1373 884 1407 Fulconis
907 1372 1115 1420 supplicatio
1126 1371 1146 1393 *
1170 1371 1289 1406 Odoni
1311 1384 1375 1419 per
1395 1372 1524 1419 legatos
1535 1373 1569 1406 *.

412 1478 554 1526 Fulco
580 1495 738 1542 regem
757 1487 1024 1525 morantem
1043 1494 1142 1524 non
1167 1477 1517 1537 auxiliaturum,
1539 1487 1586 1525 et
1595 1476 1780 1526 Odonis

345 1557 605 1604 exercitum
631 1556 974 1603 intolerabilem
1012 1566 1157 1615 ratuS,
1186 1556 1439 1603 remissiori
1472 1571 1584 1603 mox
1617 1556 1779 1605 animo

344 1635 534 1683 habitus
566 1645 651 1682 est.
694 1638 857 1699 ltaque
881 1651 967 1700 per
999 1635 1179 1699 legatos
1206 1634 1391 1682 Odonis
1421 1634 1676 1683 amicitiam
1705 1651 1780 1684 ex·

346 1714 488 1779 petit;
511 1730 599 1780 pro
618 1714 801 1761 Conani
819 1713 1012 1760 interitu
1029 1722 1221 1760 centum
1250 1712 1415 1778 pondo
1438 1711 1456 1737 ²
1478 1713 1660 1778 argenti
1677 1711 1779 1760 sese

348 1794 677 1859 impensurum
716 1791 935 1851 mandat3
976 1791 1083 1838 loco
1124 1790 1284 1838 militis
1321 1791 1588 1851 interfecti,
1628 1790 1778 1838 filium

349 1888 488 1919 suum
514 1888 602 1937 pro
632 1887 690 1919 eo
726 1870 1035 1918 militaturum
1062 1870 1222 1929 offert3
1259 1879 1465 1917 castrum
1491 1879 1779 1918 exstructum

351 1951 397 1996 in
426 1949 527 2014 ejus
558 1949 745 1996 honore
775 1965 875 1995 sese
909 1965 1204 2007 eversurum,
1244 1958 1386 2012 atque
1409 1964 1437 1994 a
1466 1948 1562 1995 suis
1590 1964 1782 1996 evacua-

352 2039 538 2088 turum;
566 2044 667 2075 sese
692 2043 885 2093 quoque
910 2027 953 2075 ei
982 2037 1153 2092 sponte
1179 2026 1506 2086 militaturum,
1535 2026 1574 2074 si
1604 2025 1655 2074 id
1683 2027 1780 2091 regi

352 2107 631 2170 injuriosum
650 2122 748 2152 non
774 2105 910 2151 foret.
946 2104 1089 2162 Quod
1118 2105 1228 2168 quia
1261 2103 1439 2168 absque
1470 2104 1591 2168 regis
1612 2103 1781 2169 injuria

353 2185 453 2233 fieri
484 2201 581 2231 non
615 2193 818 2249 poterat,
856 2183 955 2246 ejus
985 2182 1083 2229 filio
1114 2199 1283 2229 manus
1312 2199 1399 2248 per
1434 2173 1781 2231 sacramentum

354 2263 510 2322 daret3
537 2263 696 2326 itaque
726 2260 876 2320 fieret,
904 2270 958 2307 ut
986 2261 1085 2326 ipse
1108 2277 1220 2307 cum
1247 2270 1360 2307 nato
1391 2260 1640 2321 militaret,
1670 2277 1782 2308 cum

356 2341 504 2389 filium
534 2357 674 2388 suum
704 2338 865 2386 Odoni
883 2356 972 2404 pro
997 2341 1195 2387 Conano
1225 2338 1375 2399 daret,
1408 2347 1456 2387 et
1479 2356 1581 2388 sese
1598 2339 1784 2390 Odonis

357 2419 454 2466 filio
474 2418 754 2465 militaturos
784 2417 1115 2463 committeret.
1145 2419 1377 2464 Daturum
1404 2434 1454 2465 se
1472 2417 1614 2465 etiam
1638 2416 1783 2465 fidem

358 2505 655 2545 sacramento
686 2504 854 2542 contra
884 2494 1102 2541 omnium
1127 2510 1342 2554 causam,
1379 2504 1549 2560 praeter
1577 2494 1700 2559 regis
1738 2505 1786 2542 et

357 2575 531 2622 horum
559 2572 731 2639 quibus
755 2573 945 2639 speciali
968 2574 1374 2639 consanguinitate
1392 2574 1544 2622 carius
1569 2573 1785 2622 addictus

405 2731 423 2750 ⁴⁸
449 2727 584 2775 suppli,
608 2733 724 2772 cgatos
742 2725 881 2759 abscisa.

401 2786 413 2808 ¹
440 2782 659 2819 flandrenses
674 2795 754 2815 corr.
774 2781 983 2817 flandrenses
998 2781 1111 2815 coda.

398 2852 413 2871 ⁵¹
438 2839 656 2895 [sp-codex.
