<?xml version="1.0" encoding="UTF-8"?>
<!DOCTYPE html PUBLIC "-//W3C//DTD XHTML 1.0 Transitional//EN"
    "http://www.w3.org/TR/xhtml1/DTD/xhtml1-transitional.dtd">
<html xmlns="http://www.w3.org/1999/xhtml" xml:lang="en" lang="en">
 <head>
  <title>
</title>
<meta http-equiv="Content-Type" content="text/html;charset=utf-8" />
  <meta name='ocr-system' content='tesseract 3.04.00' />
  <meta name='ocr-capabilities' content='ocr_page ocr_carea ocr_par ocr_line ocrx_word'/>
</head>
<body>
  <div class='ocr_page' id='page_1' title='image "./richerhistoirede02richuoft_0166.png"; bbox 0 0 1872 3372; ppageno 0'>
   <div class='ocr_carea' id='block_1_1' title="bbox 381 241 1320 285">
    <p class='ocr_par' dir='ltr' id='par_1_1' title="bbox 381 241 1320 285">
     <span class='ocr_line' id='line_1_1' title="bbox 381 241 1320 285; baseline -0.004 0"><span class='ocrx_word' id='word_1_1' title='bbox 381 247 454 285; x_wconf 73' lang='lat'><strong>15⁸</strong></span> <span class='ocrx_word' id='word_1_2' title='bbox 861 242 1080 283; x_wconf 64' lang='lat' dir='ltr'><strong>mentun</strong></span> <span class='ocrx_word' id='word_1_3' title='bbox 1114 241 1215 284; x_wconf 74' lang='grc' dir='ltr'><strong>ΜΒ.</strong></span> <span class='ocrx_word' id='word_1_4' title='bbox 1250 242 1320 282; x_wconf 70' lang='grc' dir='ltr'><strong>Ιν,</strong></span> 
     </span>
    </p>
   </div>
   <div class='ocr_carea' id='block_1_2' title="bbox 377 330 1848 1102">
    <p class='ocr_par' dir='ltr' id='par_1_2' title="bbox 377 330 1848 1102">
     <span class='ocr_line' id='line_1_2' title="bbox 377 330 1812 397; baseline 0.006 -22"><span class='ocrx_word' id='word_1_5' title='bbox 377 354 397 377; x_wconf 84' lang='lat'>«</span> <span class='ocrx_word' id='word_1_6' title='bbox 428 331 576 393; x_wconf 81' lang='lat' dir='ltr'><strong>detis,</strong></span> <span class='ocrx_word' id='word_1_7' title='bbox 603 330 851 396; x_wconf 86' lang='lat' dir='ltr'><strong>quomodo</strong></span> <span class='ocrx_word' id='word_1_8' title='bbox 883 330 1068 378; x_wconf 88' lang='lat' dir='ltr'><strong>bonum</strong></span> <span class='ocrx_word' id='word_1_9' title='bbox 1102 330 1485 397; x_wconf 73' lang='lat' dir='ltr'><strong>contempnetis?</strong></span> <span class='ocrx_word' id='word_1_10' title='bbox 1515 330 1619 382; x_wconf 51' lang='lat' dir='ltr'><strong>Sed¹</strong></span> <span class='ocrx_word' id='word_1_11' title='bbox 1638 331 1812 384; x_wconf 69' lang='lat' dir='ltr'><strong>talibus</strong></span> 
     </span>
     <span class='ocr_line' id='line_1_3' title="bbox 377 408 1812 479; baseline 0.004 -24"><span class='ocrx_word' id='word_1_12' title='bbox 377 430 400 455; x_wconf 76' lang='grc' dir='ltr'><strong>α</strong></span> <span class='ocrx_word' id='word_1_13' title='bbox 429 409 546 477; x_wconf 90' lang='lat' dir='ltr'><strong>quid</strong></span> <span class='ocrx_word' id='word_1_14' title='bbox 571 409 902 458; x_wconf 72' lang='lat' dir='ltr'><strong>interminatur</strong></span> <span class='ocrx_word' id='word_1_15' title='bbox 925 410 1027 474; x_wconf 79' lang='lat' dir='ltr'><strong>ipsa</strong></span> <span class='ocrx_word' id='word_1_16' title='bbox 1044 408 1311 458; x_wconf 80' lang='lat' dir='ltr'><strong>Divinitas?</strong></span> <span class='ocrx_word' id='word_1_17' title='bbox 1329 412 1476 458; x_wconf 82' lang='lat' dir='ltr'><strong>-Vae</strong></span> <span class='ocrx_word' id='word_1_18' title='bbox 1491 444 1504 469; x_wconf 91' lang='lat'>,</span> <span class='ocrx_word' id='word_1_19' title='bbox 1526 409 1708 476; x_wconf 75' lang='lat' dir='ltr'><strong>inquit,</strong></span> <span class='ocrx_word' id='word_1_20' title='bbox 1723 412 1812 479; x_wconf 82' lang='lat' dir='ltr'><strong>qui</strong></span> 
     </span>
     <span class='ocr_line' id='line_1_4' title="bbox 378 486 1812 555; baseline 0.004 -22"><span class='ocrx_word' id='word_1_21' title='bbox 378 509 400 533; x_wconf 86' lang='lat'>«</span> <span class='ocrx_word' id='word_1_22' title='bbox 433 488 586 537; x_wconf 86' lang='lat' dir='ltr'><strong>dicitis</strong></span> <span class='ocrx_word' id='word_1_23' title='bbox 636 488 813 535; x_wconf 83' lang='lat' dir='ltr'><strong>malum</strong></span> <span class='ocrx_word' id='word_1_24' title='bbox 857 487 1066 547; x_wconf 89' lang='lat' dir='ltr'><strong>bonum,</strong></span> <span class='ocrx_word' id='word_1_25' title='bbox 1115 486 1300 536; x_wconf 90' lang='lat' dir='ltr'><strong>bonum</strong></span> <span class='ocrx_word' id='word_1_26' title='bbox 1333 488 1538 549; x_wconf 82' lang='lat' dir='ltr'><strong>malum,</strong></span> <span class='ocrx_word' id='word_1_27' title='bbox 1578 498 1812 555; x_wconf 75' lang='lat' dir='ltr'><strong>ponentes</strong></span> 
     </span>
     <span class='ocr_line' id='line_1_5' title="bbox 379 565 1811 634; baseline 0.003 -22"><span class='ocrx_word' id='word_1_28' title='bbox 379 589 403 613; x_wconf 76' lang='grc' dir='ltr'><strong><em>α</em></strong></span> <span class='ocrx_word' id='word_1_29' title='bbox 434 568 588 615; x_wconf 90' lang='lat' dir='ltr'><strong>lucem</strong></span> <span class='ocrx_word' id='word_1_30' title='bbox 619 566 860 627; x_wconf 81' lang='lat' dir='ltr'>tenebras,</span> <span class='ocrx_word' id='word_1_31' title='bbox 904 576 951 614; x_wconf 88' lang='lat' dir='ltr'><strong>et</strong></span> <span class='ocrx_word' id='word_1_32' title='bbox 993 565 1211 614; x_wconf 75' lang='lat' dir='ltr'><strong>tenebras</strong></span> <span class='ocrx_word' id='word_1_33' title='bbox 1248 565 1421 615; x_wconf 88' lang='lat' dir='ltr'><strong>lucem.</strong></span> <span class='ocrx_word' id='word_1_34' title='bbox 1444 594 1510 603; x_wconf 94' lang='lat'>—</span> <span class='ocrx_word' id='word_1_35' title='bbox 1526 570 1811 634; x_wconf 76' lang='lat' dir='ltr'><strong>promovete</strong></span> 
     </span>
     <span class='ocr_line' id='line_1_6' title="bbox 381 643 1813 712; baseline 0.003 -22"><span class='ocrx_word' id='word_1_36' title='bbox 381 666 404 691; x_wconf 89' lang='lat'>«</span> <span class='ocrx_word' id='word_1_37' title='bbox 435 646 574 710; x_wconf 84' lang='lat' dir='ltr'><strong>igitur</strong></span> <span class='ocrx_word' id='word_1_38' title='bbox 596 644 733 692; x_wconf 86' lang='lat' dir='ltr'><strong>vobis</strong></span> <span class='ocrx_word' id='word_1_39' title='bbox 760 643 958 705; x_wconf 87' lang='lat' dir='ltr'><strong>ducem,</strong></span> <span class='ocrx_word' id='word_1_40' title='bbox 987 653 1095 692; x_wconf 82' lang='lat' dir='ltr'><strong>actu</strong></span> <span class='ocrx_word' id='word_1_41' title='bbox 1113 680 1125 703; x_wconf 91' lang='lat'>,</span> <span class='ocrx_word' id='word_1_42' title='bbox 1154 643 1426 706; x_wconf 83' lang='lat' dir='ltr'><strong>nobilitate,</strong></span> <span class='ocrx_word' id='word_1_43' title='bbox 1449 645 1599 712; x_wconf 84' lang='lat' dir='ltr'><strong>copiis</strong></span> <span class='ocrx_word' id='word_1_44' title='bbox 1615 643 1813 694; x_wconf 63' lang='lat' dir='ltr'><strong>cluiui-</strong></span> 
     </span>
     <span class='ocr_line' id='line_1_7' title="bbox 379 722 1815 792; baseline 0.003 -22"><span class='ocrx_word' id='word_1_45' title='bbox 379 746 400 769; x_wconf 89' lang='lat'>«</span> <span class='ocrx_word' id='word_1_46' title='bbox 435 741 566 771; x_wconf 88' lang='lat' dir='ltr'><strong>mum</strong></span> <span class='ocrx_word' id='word_1_47' title='bbox 583 760 595 783; x_wconf 93' lang='lat'><strong><em>‚</em></strong></span> <span class='ocrx_word' id='word_1_48' title='bbox 624 741 768 789; x_wconf 91' lang='lat' dir='ltr'><strong>quem</strong></span> <span class='ocrx_word' id='word_1_49' title='bbox 794 740 893 771; x_wconf 89' lang='lat' dir='ltr'><strong>non</strong></span> <span class='ocrx_word' id='word_1_50' title='bbox 918 722 1074 771; x_wconf 90' lang='lat' dir='ltr'><strong>solum</strong></span> <span class='ocrx_word' id='word_1_51' title='bbox 1106 723 1173 772; x_wconf 85' lang='lat' dir='ltr'><strong>rei</strong></span> <span class='ocrx_word' id='word_1_52' title='bbox 1191 723 1407 791; x_wconf 86' lang='lat' dir='ltr'><strong>publicae,</strong></span> <span class='ocrx_word' id='word_1_53' title='bbox 1429 723 1512 773; x_wconf 89' lang='lat' dir='ltr'><strong>sed</strong></span> <span class='ocrx_word' id='word_1_54' title='bbox 1537 734 1584 773; x_wconf 86' lang='lat' dir='ltr'><strong>et</strong></span> <span class='ocrx_word' id='word_1_55' title='bbox 1610 723 1815 792; x_wconf 78' lang='lat' dir='ltr'><strong>privata-</strong></span> 
     </span>
     <span class='ocr_line' id='line_1_8' title="bbox 378 802 1816 870; baseline 0.004 -23"><span class='ocrx_word' id='word_1_56' title='bbox 378 825 399 847; x_wconf 87' lang='lat'>«</span> <span class='ocrx_word' id='word_1_57' title='bbox 433 820 537 850; x_wconf 83' lang='lat' dir='ltr'><strong>rum</strong></span> <span class='ocrx_word' id='word_1_58' title='bbox 563 819 722 851; x_wconf 86' lang='lat' dir='ltr'><strong>rerum</strong></span> <span class='ocrx_word' id='word_1_59' title='bbox 748 812 953 850; x_wconf 85' lang='lat' dir='ltr'><strong>tutorem</strong></span> <span class='ocrx_word' id='word_1_60' title='bbox 970 802 1232 851; x_wconf 87' lang='lat' dir='ltr'><strong>invenietis.</strong></span> <span class='ocrx_word' id='word_1_61' title='bbox 1256 805 1361 870; x_wconf 87' lang='lat' dir='ltr'><strong>lpsa</strong></span> <span class='ocrx_word' id='word_1_62' title='bbox 1377 803 1478 868; x_wconf 87' lang='lat' dir='ltr'><strong>ejus</strong></span> <span class='ocrx_word' id='word_1_63' title='bbox 1494 802 1816 862; x_wconf 73' lang='lat' dir='ltr'><strong>benivolentia</strong></span> 
     </span>
     <span class='ocr_line' id='line_1_9' title="bbox 378 880 1814 947; baseline 0.004 -20"><span class='ocrx_word' id='word_1_64' title='bbox 378 902 399 925; x_wconf 91' lang='lat'><em>«</em></span> <span class='ocrx_word' id='word_1_65' title='bbox 432 881 617 928; x_wconf 81' lang='lat' dir='ltr'><strong>favente</strong></span> <span class='ocrx_word' id='word_1_66' title='bbox 629 917 642 941; x_wconf 91' lang='lat'>‚</span> <span class='ocrx_word' id='word_1_67' title='bbox 670 898 781 928; x_wconf 85' lang='lat' dir='ltr'><strong>eum</strong></span> <span class='ocrx_word' id='word_1_68' title='bbox 796 898 886 947; x_wconf 84' lang='lat' dir='ltr'><strong>pro</strong></span> <span class='ocrx_word' id='word_1_69' title='bbox 904 890 1038 947; x_wconf 87' lang='lat' dir='ltr'><strong>patre</strong></span> <span class='ocrx_word' id='word_1_70' title='bbox 1054 880 1303 929; x_wconf 79' lang='lat' dir='ltr'><strong>habebitis.</strong></span> <span class='ocrx_word' id='word_1_71' title='bbox 1334 882 1452 941; x_wconf 88' lang='lat' dir='ltr'><strong>Quis</strong></span> <span class='ocrx_word' id='word_1_72' title='bbox 1469 881 1680 933; x_wconf 75' lang='lat' dir='ltr'><strong>enimad</strong></span> <span class='ocrx_word' id='word_1_73' title='bbox 1701 898 1814 932; x_wconf 85' lang='lat' dir='ltr'><strong>eum</strong></span> 
     </span>
     <span class='ocr_line' id='line_1_10' title="bbox 377 958 1814 1025; baseline 0.006 -23"><span class='ocrx_word' id='word_1_74' title='bbox 377 981 398 1003; x_wconf 89' lang='lat'>«</span> <span class='ocrx_word' id='word_1_75' title='bbox 430 958 663 1023; x_wconf 80' lang='lat' dir='ltr'><strong>confugit,</strong></span> <span class='ocrx_word' id='word_1_76' title='bbox 691 969 738 1008; x_wconf 87' lang='lat' dir='ltr'><strong>et</strong></span> <span class='ocrx_word' id='word_1_77' title='bbox 762 959 1081 1025; x_wconf 79' lang='lat' dir='ltr'><strong>patrocinium</strong></span> <span class='ocrx_word' id='word_1_78' title='bbox 1105 976 1205 1008; x_wconf 91' lang='lat' dir='ltr'><strong>non</strong></span> <span class='ocrx_word' id='word_1_79' title='bbox 1231 959 1443 1008; x_wconf 78' lang='lat' dir='ltr'><strong>invenit?</strong></span> <span class='ocrx_word' id='word_1_80' title='bbox 1471 960 1591 1020; x_wconf 76' lang='lat' dir='ltr'><strong>Quis</strong></span> <span class='ocrx_word' id='word_1_81' title='bbox 1612 977 1814 1013; x_wconf 71' lang='lat' dir='ltr'><strong>suorum</strong></span> 
     </span>
     <span class='ocr_line' id='line_1_11' title="bbox 378 1035 1848 1102; baseline 0.001 -20"><span class='ocrx_word' id='word_1_82' title='bbox 378 1057 399 1080; x_wconf 90' lang='lat'>«</span> <span class='ocrx_word' id='word_1_83' title='bbox 431 1036 612 1084; x_wconf 81' lang='lat' dir='ltr'><strong>auxiliis</strong></span> <span class='ocrx_word' id='word_1_84' title='bbox 630 1035 901 1096; x_wconf 86' lang='lat' dir='ltr'><strong>destitutus,</strong></span> <span class='ocrx_word' id='word_1_85' title='bbox 923 1053 1011 1102; x_wconf 90' lang='lat' dir='ltr'><strong>per</strong></span> <span class='ocrx_word' id='word_1_86' title='bbox 1027 1053 1140 1084; x_wconf 88' lang='lat' dir='ltr'><strong>eum</strong></span> <span class='ocrx_word' id='word_1_87' title='bbox 1154 1036 1251 1084; x_wconf 85' lang='lat' dir='ltr'><strong>suis</strong></span> <span class='ocrx_word' id='word_1_88' title='bbox 1270 1053 1371 1085; x_wconf 88' lang='lat' dir='ltr'><strong>non</strong></span> <span class='ocrx_word' id='word_1_89' title='bbox 1386 1037 1626 1087; x_wconf 72' lang='lat' dir='ltr'><strong>restitutus</strong></span> <span class='ocrx_word' id='word_1_90' title='bbox 1638 1035 1767 1098; x_wconf 55' lang='lat' dir='ltr'><strong>fliz?</strong></span> <span class='ocrx_word' id='word_1_91' title='bbox 1786 1058 1811 1084; x_wconf 79' lang='lat' dir='ltr'><strong>n</strong></span> <span class='ocrx_word' id='word_1_92' title='bbox 1846 1059 1848 1062; x_wconf 96' lang='lat'>·</span> 
     </span>
    </p>
   </div>
   <div class='ocr_carea' id='block_1_3' title="bbox 714 1408 1473 1455">
    <p class='ocr_par' dir='ltr' id='par_1_3' title="bbox 714 1408 1473 1455">
     <span class='ocr_line' id='line_1_12' title="bbox 714 1408 1473 1455; baseline 0 -12"><span class='ocrx_word' id='word_1_93' title='bbox 714 1409 800 1443; x_wconf 84' lang='grc' dir='ltr'><strong>ΧΠ.</strong></span> <span class='ocrx_word' id='word_1_94' title='bbox 818 1428 866 1435; x_wconf 91' lang='grc'>-</span> <span class='ocrx_word' id='word_1_95' title='bbox 885 1409 1065 1443; x_wconf 76' lang='lat' dir='ltr'><strong>promotio</strong></span> <span class='ocrx_word' id='word_1_96' title='bbox 1081 1408 1241 1455; x_wconf 71' lang='lat' dir='ltr'><strong>Hugonin</strong></span> <span class='ocrx_word' id='word_1_97' title='bbox 1259 1409 1296 1443; x_wconf 88' lang='lat' dir='ltr'><strong>in</strong></span> <span class='ocrx_word' id='word_1_98' title='bbox 1312 1416 1473 1455; x_wconf 77' lang='lat' dir='ltr'><strong>regnum.</strong></span> 
     </span>
    </p>
   </div>
   <div class='ocr_carea' id='block_1_4' title="bbox 378 1518 1825 2684">
    <p class='ocr_par' dir='ltr' id='par_1_4' title="bbox 378 1518 1825 2684">
     <span class='ocr_line' id='line_1_13' title="bbox 443 1518 1814 1586; baseline 0.001 -19"><span class='ocrx_word' id='word_1_99' title='bbox 443 1524 542 1568; x_wconf 85' lang='lat' dir='ltr'><strong>Hac</strong></span> <span class='ocrx_word' id='word_1_100' title='bbox 575 1521 808 1568; x_wconf 85' lang='lat' dir='ltr'><strong>sententia</strong></span> <span class='ocrx_word' id='word_1_101' title='bbox 838 1519 1139 1586; x_wconf 80' lang='lat' dir='ltr'><strong>promulgata</strong></span> <span class='ocrx_word' id='word_1_102' title='bbox 1171 1529 1218 1567; x_wconf 92' lang='lat' dir='ltr'><strong>et</strong></span> <span class='ocrx_word' id='word_1_103' title='bbox 1246 1518 1308 1567; x_wconf 84' lang='lat' dir='ltr'><strong>ab</strong></span> <span class='ocrx_word' id='word_1_104' title='bbox 1339 1519 1564 1570; x_wconf 84' lang='lat' dir='ltr'><strong>omnibus</strong></span> <span class='ocrx_word' id='word_1_105' title='bbox 1594 1519 1814 1581; x_wconf 74' lang='lat' dir='ltr'><strong>laudata,</strong></span> 
     </span>
     <span class='ocr_line' id='line_1_14' title="bbox 378 1599 1820 1667; baseline 0.001 -20"><span class='ocrx_word' id='word_1_106' title='bbox 378 1599 474 1648; x_wconf 88' lang='lat' dir='ltr'><strong>dux</strong></span> <span class='ocrx_word' id='word_1_107' title='bbox 498 1600 716 1647; x_wconf 91' lang='lat' dir='ltr'><strong>omnium</strong></span> <span class='ocrx_word' id='word_1_108' title='bbox 748 1616 984 1647; x_wconf 90' lang='lat' dir='ltr'><strong>consensu</strong></span> <span class='ocrx_word' id='word_1_109' title='bbox 1007 1600 1055 1646; x_wconf 91' lang='lat' dir='ltr'><strong>in</strong></span> <span class='ocrx_word' id='word_1_110' title='bbox 1082 1615 1283 1664; x_wconf 88' lang='lat' dir='ltr'><strong>regnum</strong></span> <span class='ocrx_word' id='word_1_111' title='bbox 1304 1609 1634 1664; x_wconf 85' lang='lat' dir='ltr'><strong>promovetur,</strong></span> <span class='ocrx_word' id='word_1_112' title='bbox 1661 1608 1715 1649; x_wconf 65' lang='lat' dir='ltr'><strong>e·</strong></span> <span class='ocrx_word' id='word_1_113' title='bbox 1731 1615 1820 1667; x_wconf 84' lang='lat' dir='ltr'><strong>per</strong></span> 
     </span>
     <span class='ocr_line' id='line_1_15' title="bbox 379 1677 1817 1743; baseline 0.002 -19"><span class='ocrx_word' id='word_1_114' title='bbox 379 1677 800 1742; x_wconf 87' lang='lat' dir='ltr'><strong>metropolitanum</strong></span> <span class='ocrx_word' id='word_1_115' title='bbox 852 1677 1064 1742; x_wconf 84' lang='lat' dir='ltr'><strong>aliosque</strong></span> <span class='ocrx_word' id='word_1_116' title='bbox 1106 1677 1358 1743; x_wconf 87' lang='lat' dir='ltr'><strong>episcopos</strong></span> <span class='ocrx_word' id='word_1_117' title='bbox 1408 1678 1631 1726; x_wconf 87' lang='lat' dir='ltr'><strong>Noviomi</strong></span> <span class='ocrx_word' id='word_1_118' title='bbox 1677 1693 1817 1727; x_wconf 76' lang='lat' dir='ltr'><strong>coro-</strong></span> 
     </span>
     <span class='ocr_line' id='line_1_16' title="bbox 378 1755 1816 1821; baseline 0.001 -18"><span class='ocrx_word' id='word_1_119' title='bbox 378 1765 541 1815; x_wconf 84' lang='lat' dir='ltr'><strong>natuS,</strong></span> <span class='ocrx_word' id='word_1_120' title='bbox 576 1755 749 1815; x_wconf 87' lang='lat' dir='ltr'><strong>Gallis,</strong></span> <span class='ocrx_word' id='word_1_121' title='bbox 796 1756 1075 1815; x_wconf 86' lang='lat' dir='ltr'><strong>Brittannis,</strong></span> <span class='ocrx_word' id='word_1_122' title='bbox 1104 1755 1277 1815; x_wconf 86' lang='lat' dir='ltr'><strong>Dahis,</strong></span> <span class='ocrx_word' id='word_1_123' title='bbox 1319 1755 1591 1821; x_wconf 76' lang='lat' dir='ltr'><strong>Aquitanis,</strong></span> <span class='ocrx_word' id='word_1_124' title='bbox 1617 1755 1816 1818; x_wconf 70' lang='lat' dir='ltr'><strong>Goth‘m,</strong></span> 
     </span>
     <span class='ocr_line' id='line_1_17' title="bbox 379 1834 1816 1903; baseline 0.001 -21"><span class='ocrx_word' id='word_1_125' title='bbox 379 1835 620 1901; x_wconf 82' lang='lat' dir='ltr'><strong>Hispanis,</strong></span> <span class='ocrx_word' id='word_1_126' title='bbox 642 1834 959 1883; x_wconf 84' lang='lat' dir='ltr'><strong>Wasconibus</strong></span> <span class='ocrx_word' id='word_1_127' title='bbox 973 1871 985 1894; x_wconf 89' lang='lat'><strong><em>‚</em></strong></span> <span class='ocrx_word' id='word_1_128' title='bbox 1004 1853 1087 1883; x_wconf 85' lang='lat' dir='ltr'><strong>rex</strong></span> <span class='ocrx_word' id='word_1_129' title='bbox 1109 1836 1119 1859; x_wconf 81' lang='lat'><strong><em>⁴</em></strong></span> <span class='ocrx_word' id='word_1_130' title='bbox 1144 1835 1368 1883; x_wconf 83' lang='lat' dir='ltr'><strong>Kalendis</strong></span> <span class='ocrx_word' id='word_1_131' title='bbox 1379 1835 1487 1900; x_wconf 89' lang='lat' dir='ltr'><strong>jun.</strong></span> <span class='ocrx_word' id='word_1_132' title='bbox 1508 1842 1816 1903; x_wconf 77' lang='lat' dir='ltr'><strong>praeroga‘mr.</strong></span> 
     </span>
     <span class='ocr_line' id='line_1_18' title="bbox 380 1912 1821 1979; baseline 0.002 -20"><span class='ocrx_word' id='word_1_133' title='bbox 380 1914 588 1979; x_wconf 86' lang='lat' dir='ltr'><strong>Stipatus</strong></span> <span class='ocrx_word' id='word_1_134' title='bbox 608 1912 767 1977; x_wconf 84' lang='lat' dir='ltr'><strong>itaque</strong></span> <span class='ocrx_word' id='word_1_135' title='bbox 782 1928 1040 1977; x_wconf 84' lang='lat' dir='ltr'><strong>regnorum</strong></span> <span class='ocrx_word' id='word_1_136' title='bbox 1069 1912 1387 1979; x_wconf 82' lang='lat' dir='ltr'><strong>principibuS,</strong></span> <span class='ocrx_word' id='word_1_137' title='bbox 1417 1929 1554 1962; x_wconf 87' lang='lat' dir='ltr'><strong>more</strong></span> <span class='ocrx_word' id='word_1_138' title='bbox 1570 1912 1821 1978; x_wconf 81' lang='lat' dir='ltr'><strong>regio‚.de-</strong></span> 
     </span>
     <span class='ocr_line' id='line_1_19' title="bbox 380 1989 1823 2055; baseline 0.001 -18"><span class='ocrx_word' id='word_1_139' title='bbox 380 2001 510 2038; x_wconf 85' lang='lat' dir='ltr'><strong>creta</strong></span> <span class='ocrx_word' id='word_1_140' title='bbox 533 1990 668 2050; x_wconf 83' lang='lat' dir='ltr'><strong>fecit,</strong></span> <span class='ocrx_word' id='word_1_141' title='bbox 705 1989 926 2055; x_wconf 88' lang='lat' dir='ltr'><strong>legesque</strong></span> <span class='ocrx_word' id='word_1_142' title='bbox 962 1990 1202 2051; x_wconf 86' lang='lat' dir='ltr'><strong>condidit,</strong></span> <span class='ocrx_word' id='word_1_143' title='bbox 1252 1990 1373 2038; x_wconf 86' lang='lat' dir='ltr'><strong>felici</strong></span> <span class='ocrx_word' id='word_1_144' title='bbox 1405 2006 1626 2043; x_wconf 72' lang='lat' dir='ltr'><strong>successu</strong></span> <span class='ocrx_word' id='word_1_145' title='bbox 1658 1991 1823 2039; x_wconf 83' lang='lat' dir='ltr'><strong>omnia</strong></span> 
     </span>
     <span class='ocr_line' id='line_1_20' title="bbox 381 2068 1823 2134; baseline 0.001 -18"><span class='ocrx_word' id='word_1_146' title='bbox 381 2069 632 2129; x_wconf 85' lang='lat' dir='ltr'><strong>ordinans,</strong></span> <span class='ocrx_word' id='word_1_147' title='bbox 654 2080 796 2134; x_wconf 86' lang='lat' dir='ltr'><strong>atque</strong></span> <span class='ocrx_word' id='word_1_148' title='bbox 822 2069 1125 2117; x_wconf 85' lang='lat' dir='ltr'><strong>distribuens.</strong></span> <span class='ocrx_word' id='word_1_149' title='bbox 1157 2071 1216 2116; x_wconf 89' lang='lat' dir='ltr'><strong>Et</strong></span> <span class='ocrx_word' id='word_1_150' title='bbox 1234 2079 1287 2116; x_wconf 89' lang='lat' dir='ltr'><strong>ut</strong></span> <span class='ocrx_word' id='word_1_151' title='bbox 1303 2068 1589 2118; x_wconf 81' lang='lat' dir='ltr'><strong>beatitudini</strong></span> <span class='ocrx_word' id='word_1_152' title='bbox 1604 2085 1701 2118; x_wconf 79' lang='lat' dir='ltr'><strong>suae</strong></span> <span class='ocrx_word' id='word_1_153' title='bbox 1722 2085 1823 2118; x_wconf 76' lang='lat' dir='ltr'><strong>res-</strong></span> 
     </span>
     <span class='ocr_line' id='line_1_21' title="bbox 380 2143 1819 2212; baseline 0.001 -18"><span class='ocrx_word' id='word_1_154' title='bbox 380 2146 617 2212; x_wconf 83' lang='lat' dir='ltr'><strong>ponderet</strong></span> <span class='ocrx_word' id='word_1_155' title='bbox 636 2182 648 2206; x_wconf 92' lang='lat'>,</span> <span class='ocrx_word' id='word_1_156' title='bbox 670 2146 822 2194; x_wconf 88' lang='lat' dir='ltr'><strong>multo</strong></span> <span class='ocrx_word' id='word_1_157' title='bbox 853 2163 1072 2194; x_wconf 86' lang='lat' dir='ltr'><strong>successu</strong></span> <span class='ocrx_word' id='word_1_158' title='bbox 1090 2163 1251 2194; x_wconf 85' lang='lat' dir='ltr'><strong>rerum</strong></span> <span class='ocrx_word' id='word_1_159' title='bbox 1274 2143 1594 2194; x_wconf 56' lang='lat' dir='ltr'><strong>secundinum</strong></span> <span class='ocrx_word' id='word_1_160' title='bbox 1611 2145 1819 2207; x_wconf 76' lang='lat' dir='ltr'><strong>levatus,</strong></span> 
     </span>
     <span class='ocr_line' id='line_1_22' title="bbox 380 2223 1825 2290; baseline -0.001 -17"><span class='ocrx_word' id='word_1_161' title='bbox 380 2225 443 2273; x_wconf 83' lang='lat' dir='ltr'><strong>ad</strong></span> <span class='ocrx_word' id='word_1_162' title='bbox 464 2224 666 2272; x_wconf 84' lang='lat' dir='ltr'><strong>multam</strong></span> <span class='ocrx_word' id='word_1_163' title='bbox 691 2226 915 2290; x_wconf 82' lang='lat' dir='ltr'><strong>pietatem</strong></span> <span class='ocrx_word' id='word_1_164' title='bbox 946 2225 1164 2272; x_wconf 85' lang='lat' dir='ltr'><strong>intendit.</strong></span> <span class='ocrx_word' id='word_1_165' title='bbox 1205 2228 1360 2289; x_wconf 89' lang='lat' dir='ltr'><strong>thue</strong></span> <span class='ocrx_word' id='word_1_166' title='bbox 1392 2234 1504 2290; x_wconf 88' lang='lat' dir='ltr'><strong>post</strong></span> <span class='ocrx_word' id='word_1_167' title='bbox 1543 2224 1615 2272; x_wconf 87' lang='lat' dir='ltr'><strong>sui</strong></span> <span class='ocrx_word' id='word_1_168' title='bbox 1650 2223 1825 2272; x_wconf 73' lang='lat' dir='ltr'><strong>disces-</strong></span> 
     </span>
     <span class='ocr_line' id='line_1_23' title="bbox 380 2302 1824 2368; baseline -0.001 -17"><span class='ocrx_word' id='word_1_169' title='bbox 380 2321 485 2351; x_wconf 89' lang='lat' dir='ltr'><strong>sum</strong></span> <span class='ocrx_word' id='word_1_170' title='bbox 509 2320 537 2350; x_wconf 85' lang='lat' dir='ltr'>a</span> <span class='ocrx_word' id='word_1_171' title='bbox 551 2304 644 2350; x_wconf 83' lang='lat' dir='ltr'><strong>vita</strong></span> <span class='ocrx_word' id='word_1_172' title='bbox 659 2340 671 2362; x_wconf 92' lang='lat'>,</span> <span class='ocrx_word' id='word_1_173' title='bbox 700 2303 927 2351; x_wconf 81' lang='lat' dir='ltr'><strong>heredem</strong></span> <span class='ocrx_word' id='word_1_174' title='bbox 950 2313 1133 2351; x_wconf 84' lang='lat' dir='ltr'><strong>certum</strong></span> <span class='ocrx_word' id='word_1_175' title='bbox 1152 2304 1201 2350; x_wconf 88' lang='lat' dir='ltr'><strong>in</strong></span> <span class='ocrx_word' id='word_1_176' title='bbox 1218 2320 1367 2367; x_wconf 85' lang='lat' dir='ltr'><strong>regno</strong></span> <span class='ocrx_word' id='word_1_177' title='bbox 1381 2302 1699 2368; x_wconf 86' lang='lat' dir='ltr'><strong>relinqueret,</strong></span> <span class='ocrx_word' id='word_1_178' title='bbox 1720 2314 1824 2356; x_wconf 73' lang='lat' dir='ltr'><strong>sese</strong></span> 
     </span>
     <span class='ocr_line' id='line_1_24' title="bbox 378 2380 1823 2448; baseline 0.001 -20"><span class='ocrx_word' id='word_1_179' title='bbox 378 2381 650 2429; x_wconf 85' lang='lat' dir='ltr'><strong>consultum</strong></span> <span class='ocrx_word' id='word_1_180' title='bbox 682 2399 794 2430; x_wconf 88' lang='lat' dir='ltr'><strong>cum</strong></span> <span class='ocrx_word' id='word_1_181' title='bbox 818 2382 1112 2448; x_wconf 87' lang='lat' dir='ltr'><strong>principibus</strong></span> <span class='ocrx_word' id='word_1_182' title='bbox 1147 2381 1374 2442; x_wconf 87' lang='lat' dir='ltr'><strong>contulit;</strong></span> <span class='ocrx_word' id='word_1_183' title='bbox 1410 2391 1474 2440; x_wconf 89' lang='lat' dir='ltr'><strong>et,</strong></span> <span class='ocrx_word' id='word_1_184' title='bbox 1509 2380 1684 2429; x_wconf 85' lang='lat' dir='ltr'><strong>collato</strong></span> <span class='ocrx_word' id='word_1_185' title='bbox 1709 2397 1823 2430; x_wconf 85' lang='lat' dir='ltr'><strong>cum</strong></span> 
     </span>
     <span class='ocr_line' id='line_1_25' title="bbox 382 2457 1822 2526; baseline 0.001 -20"><span class='ocrx_word' id='word_1_186' title='bbox 382 2461 450 2508; x_wconf 86' lang='lat' dir='ltr'><strong>eis</strong></span> <span class='ocrx_word' id='word_1_187' title='bbox 471 2460 672 2509; x_wconf 83' lang='lat' dir='ltr'><strong>oonsilio</strong></span> <span class='ocrx_word' id='word_1_188' title='bbox 688 2497 700 2520; x_wconf 94' lang='lat'>‚</span> <span class='ocrx_word' id='word_1_189' title='bbox 734 2462 991 2509; x_wconf 81' lang='lat' dir='ltr'><strong>Remorum</strong></span> <span class='ocrx_word' id='word_1_190' title='bbox 1019 2459 1442 2526; x_wconf 86' lang='lat' dir='ltr'><strong>metropolitanum</strong></span> <span class='ocrx_word' id='word_1_191' title='bbox 1475 2458 1739 2513; x_wconf 84' lang='lat' dir='ltr'><strong>Aurelianis</strong></span> <span class='ocrx_word' id='word_1_192' title='bbox 1752 2457 1822 2507; x_wconf 62' lang='lat' dir='ltr'><strong>‘de</strong></span> 
     </span>
     <span class='ocr_line' id='line_1_26' title="bbox 381 2536 1824 2605; baseline -0.001 -18"><span class='ocrx_word' id='word_1_193' title='bbox 381 2540 686 2603; x_wconf 86' lang='lat' dir='ltr'><strong>promotione</strong></span> <span class='ocrx_word' id='word_1_194' title='bbox 711 2539 794 2587; x_wconf 84' lang='lat' dir='ltr'><strong>filii</strong></span> <span class='ocrx_word' id='word_1_195' title='bbox 819 2541 890 2587; x_wconf 87' lang='lat' dir='ltr'><strong>sui</strong></span> <span class='ocrx_word' id='word_1_196' title='bbox 910 2540 1122 2587; x_wconf 86' lang='lat' dir='ltr'><strong>Rotberti</strong></span> <span class='ocrx_word' id='word_1_197' title='bbox 1147 2540 1195 2587; x_wconf 91' lang='lat' dir='ltr'><strong>in</strong></span> <span class='ocrx_word' id='word_1_198' title='bbox 1222 2556 1423 2604; x_wconf 89' lang='lat' dir='ltr'><strong>regnum</strong></span> <span class='ocrx_word' id='word_1_199' title='bbox 1441 2538 1574 2604; x_wconf 84' lang='lat' dir='ltr'><strong>prius</strong></span> <span class='ocrx_word' id='word_1_200' title='bbox 1589 2554 1676 2605; x_wconf 77' lang='lat' dir='ltr'><strong>per</strong></span> <span class='ocrx_word' id='word_1_201' title='bbox 1696 2536 1824 2603; x_wconf 77' lang='lat' dir='ltr'><strong>legn-</strong></span> 
     </span>
     <span class='ocr_line' id='line_1_27' title="bbox 383 2612 1824 2684; baseline 0 -20"><span class='ocrx_word' id='word_1_202' title='bbox 383 2627 483 2677; x_wconf 90' lang='lat' dir='ltr'><strong>tos‚</strong></span> <span class='ocrx_word' id='word_1_203' title='bbox 509 2629 618 2683; x_wconf 89' lang='lat' dir='ltr'><strong>post</strong></span> <span class='ocrx_word' id='word_1_204' title='bbox 654 2635 740 2682; x_wconf 85' lang='lat' dir='ltr'><strong>per</strong></span> <span class='ocrx_word' id='word_1_205' title='bbox 764 2636 866 2666; x_wconf 88' lang='lat' dir='ltr'><strong>sese</strong></span> <span class='ocrx_word' id='word_1_206' title='bbox 900 2618 1139 2666; x_wconf 84' lang='lat' dir='ltr'><strong>convenit.</strong></span> <span class='ocrx_word' id='word_1_207' title='bbox 1170 2619 1257 2666; x_wconf 91' lang='lat' dir='ltr'><strong>Cui</strong></span> <span class='ocrx_word' id='word_1_208' title='bbox 1283 2635 1393 2666; x_wconf 90' lang='lat' dir='ltr'><strong>cum</strong></span> <span class='ocrx_word' id='word_1_209' title='bbox 1426 2612 1824 2684; x_wconf 76' lang='lat' dir='ltr'><strong>metropolitanus</strong></span> 
     </span>
    </p>
   </div>
   <div class='ocr_carea' id='block_1_5' title="bbox 434 2763 866 2798">
    <p class='ocr_par' dir='ltr' id='par_1_5' title="bbox 434 2763 866 2798">
     <span class='ocr_line' id='line_1_28' title="bbox 434 2763 866 2798; baseline 0 -2"><span class='ocrx_word' id='word_1_210' title='bbox 434 2763 442 2782; x_wconf 82' lang='lat'>⁸</span> <span class='ocrx_word' id='word_1_211' title='bbox 472 2776 500 2796; x_wconf 86' lang='lat' dir='ltr'><strong>r.</strong></span> <span class='ocrx_word' id='word_1_212' title='bbox 523 2764 566 2796; x_wconf 82' lang='lat' dir='ltr'><strong>ab</strong></span> <span class='ocrx_word' id='word_1_213' title='bbox 585 2764 747 2797; x_wconf 73' lang='lat' dir='ltr'><strong>omnibus</strong></span> <span class='ocrx_word' id='word_1_214' title='bbox 768 2764 866 2798; x_wconf 66' lang='lat' dir='ltr'><strong>delet.</strong></span> 
     </span>
    </p>
   </div>
  </div>
 </body>
</html>
