1872 3372
375 301 452 338 100
855 298 1075 339 RlCIIERI
1107 299 1204 342 Lm.
1238 299 1316 340 111.

373 405 395 430 «
428 387 532 433 Non
568 386 698 433 enim
724 403 809 433 vos
847 386 957 434 latet
996 397 1174 452 quanta
1208 388 1463 437 subtilitate
1490 388 1588 436 doli
1633 390 1804 440 Lotba-

372 483 394 508 «
426 464 522 511 rius
559 481 639 512 rex
674 465 918 512 incautum
957 481 1033 512 me
1059 464 1310 525 fefellerit,
1352 484 1462 514 cum
1504 466 1685 534 absque
1725 485 1805 517 me

371 562 395 587 «
424 543 589 590 Ottoni
621 542 912 590 reconciliari
939 541 1140 590 voluerit
1171 543 1441 609 feceritque.
1472 545 1556 593 Cui
1589 561 1616 593 a
1644 555 1806 594 mente

371 641 394 666 «
424 622 614 687 penitus
632 621 852 679 excessit,
874 638 1021 686 quam
1042 619 1222 670 liberali
1248 624 1410 671 animo
1427 634 1662 689 quantum
1683 624 1808 691 peri·

370 721 393 745 «
423 699 585 748 culum
622 717 866 764 aggressus
901 700 1019 759 sim,
1075 716 1185 748 cum
1218 718 1306 766 per
1338 718 1415 749 me
1438 701 1627 750 bostem
1652 718 1808 769 nuper

370 799 392 823 «
425 778 674 843 fugaverit,
698 778 931 843 Belgicam
951 795 1146 843 quoque
1165 779 1426 844 insignibus
1444 779 1639 828 sublatis
1656 780 1807 829 hosti·

370 878 391 900 «
423 855 546 902 libus
577 855 883 904 subaraverit.
908 855 1036 914 Quid
1065 872 1176 920 ergo
1203 857 1302 922 spei
1325 856 1520 904 ulterius
1537 867 1804 923 expectem,

370 954 391 976 «
423 950 534 980 cum
554 933 668 981 dolo
689 933 834 981 fidem
852 933 1129 999 abruperit?
1154 953 1177 978 »

475 1064 683 1099 LXXXIII.
705 1084 754 1091 —
771 1065 988 1099 Declamatio
1003 1066 1023 1087 ¹
1041 1077 1109 1111 qua
1121 1064 1141 1087 ¹
1159 1066 1212 1099 usi
1230 1074 1310 1100 sunt
1327 1064 1423 1112 apud
1441 1064 1569 1101 ducem
1583 1066 1606 1089 ⁵
1623 1066 1690 1102 mi.

436 1171 504 1219 Ad
523 1171 624 1219 haec
641 1172 892 1237 primates:
919 1175 1064 1219 «Non
1082 1172 1238 1219 solum
1257 1174 1498 1233 novimus,
1519 1193 1543 1218 »
1565 1173 1804 1240 inquiunt,

368 1272 390 1296 «
421 1250 609 1316 quantis
632 1250 855 1316 periculis
883 1250 1133 1298 nobiscum
1159 1268 1248 1317 pro
1275 1252 1500 1300 Lothario
1526 1270 1638 1318 rege
1665 1250 1822 1320 caput⁸

368 1347 391 1371 «
422 1327 683 1391 objeceris,
717 1344 884 1374 verum
914 1345 1109 1392 quoque
1145 1339 1327 1415 quanto
1363 1328 1637 1377 discrimine
1675 1329 1811 1378 clari·

369 1426 391 1450 (ι
424 1405 541 1453 tudo
560 1416 642 1453 tua
670 1405 828 1453 adhuc
847 1416 1013 1470 patens
1038 1406 1118 1459 sit,
1141 1407 1204 1463 si,
1236 1417 1288 1453 ut
1307 1406 1430 1454 sama
1450 1417 1537 1468 est,
1559 1407 1659 1455 duo
1677 1423 1812 1472 reges

369 1504 391 1529 α
423 1494 590 1531 contra
609 1494 655 1531 te
674 1484 1065 1549 conspiraverint.
1087 1487 1205 1531 Nam
1220 1485 1258 1530 si
1275 1494 1444 1532 contra
1455 1484 1658 1532 alterum
1678 1502 1812 1534 exer-

368 1581 391 1606 «
422 1562 571 1609 citum
589 1578 680 1627 pro
698 1561 978 1609 defensione
997 1561 1224 1622 moliaris,
1247 1562 1416 1609 ambos
1435 1573 1604 1611 contra
1623 1573 1670 1611 te
1696 1581 1810 1611 mox

367 1660 389 1683 «
419 1650 540 1687 stare
563 1640 792 1686 invenies.
817 1641 863 1686 Si
883 1650 1050 1687 contra
1073 1638 1240 1687 ambos
1260 1641 1390 1687 nisus
1412 1640 1580 1701 fueris,
1603 1640 1811 1708 plurima

369 1738 391 1762 ι(
423 1717 731 1765 incommoda
755 1718 996 1765 incurrere
1027 1735 1220 1766 necesse
1238 1728 1334 1779 est,
1359 1719 1624 1783 equitatum
1644 1719 1812 1768 intole-

369 1816 392 1840 «
423 1796 638 1856 rabilem,
660 1796 854 1844 insidias
869 1796 1169 1862 multipliceS,
1193 1797 1414 1845 incendia
1425 1807 1568 1863 atque
1595 1799 1805 1865 rapinas,

369 1895 391 1919 «
423 1885 487 1934 et,
513 1874 646 1940 quod
662 1876 923 1941 pessimum
943 1886 1029 1935 est,
1047 1875 1251 1923 nefarios
1268 1875 1405 1922 infidi
1423 1875 1554 1942 vulgi
1572 1893 1808 1938 rumores,

369 1974 392 1998 α
422 1954 620 2019 quinon
637 1963 805 2000 contra
821 1952 1115 2001 adversarios
1134 1970 1225 2000 nos
1243 1970 1463 2002 exercere
1483 1954 1811 2003 defensionem

371 2052 394 2076 «
423 2031 662 2096 loquetur,
696 2041 743 2078 at
770 2032 818 2078 in
850 2031 1108 2079 rebellione
1135 2042 1303 2079 contra
1337 2049 1499 2098 regem
1536 2033 1814 2081 temerarios

371 2131 394 2154 a
424 2121 567 2175 atque
603 2111 820 2176 perjuros
857 2121 982 2157 stare
1028 2110 1411 2158 calumniabitur.
1452 2112 1529 2158 Sic
1566 2111 1711 2159 etiam
1750 2111 1811 2159 ad

371 2210 394 2235 «
424 2205 754 2254 quoscumque
779 2188 1008 2236 accedere
1034 2206 1172 2255 posse
1198 2190 1489 2250 mencietur,
1518 2199 1571 2237 ut
1594 2189 1697 2237 sine
1726 2188 1811 2237 de-

369 2290 394 2310 «
423 2265 562 2326 licto,
595 2267 696 2313 sine
718 2267 912 2332 perjurii
941 2267 1187 2332 sacrilegio
1206 2283 1234 2314 a
1251 2267 1460 2315 dominis
1486 2266 1714 2315 recedant
1730 2302 1743 2327 ,
1766 2276 1815 2314 et

371 2364 393 2389 κ
424 2355 593 2392 contra
612 2344 717 2392 illos
747 2356 1021 2410 arroganter
1039 2346 1247 2393 cervices
1266 2345 1498 2393 attollant.
1522 2345 1674 2410 Hujus
1690 2346 1815 2411 peri·

370 2443 395 2470 ιι
424 2423 519 2471 culi
532 2433 797 2471 extremum
808 2434 855 2471 et
864 2424 979 2471 utile
994 2424 1248 2472 consilium
1262 2424 1403 2472 nobis
1414 2423 1621 2484 videtur,
1635 2433 1690 2471 ut
1700 2440 1813 2471 cum

371 2522 395 2547 ιι
424 2501 524 2549 duo
544 2512 708 2549 contra
730 2518 818 2548 nos
839 2503 1083 2565 conjuncti
1102 2503 1220 2563 sint,
1243 2502 1374 2550 alteri
1404 2502 1606 2550 alterum
1630 2501 1813 2550 subtra-

371 2600 395 2624 «
423 2579 612 2627 hamus.
636 2580 780 2638 Quod
812 2581 849 2626 si
869 2580 1003 2627 alteri
1026 2570 1144 2628 alter
1172 2580 1386 2628 subtrahi
1420 2580 1611 2645 nequit,
1644 2578 1812 2628 saltem

372 2677 396 2701 «
426 2657 473 2704 in
495 2657 757 2704 amiciciam
787 2656 925 2704 nobis
955 2674 1123 2704 eorum
1153 2657 1354 2705 alterum
1374 2657 1730 2716 devinciamus,
1760 2665 1814 2703 ut

414 2821 433 2841 *
459 2821 511 2854 De
523 2847 532 2863 ,
550 2833 596 2866 qu
611 2848 620 2864 ‚
639 2821 662 2855 d
680 2821 820 2856 abscisa.
