1872 3372
344 301 423 342 ‘228
832 293 1055 335 mmmm
1087 294 1183 335 1218.
1219 296 1291 335 lv,

1020 429 1095 465 Lv.

408 537 684 596 Herivevus,
706 533 1001 582 Belvacensis
1018 533 1288 599 episcopus,
1305 531 1447 580 dixit:
1466 533 1779 584 «Cavendum

343 638 365 661 «
396 629 703 680 summopere
726 621 821 672 est,
845 628 907 661 ne
936 611 1062 677 leges
1086 610 1271 658 divinas
1296 610 1563 659 forensibus
1583 628 1780 680 compa·

343 718 365 740 u
396 711 572 744 remus.
590 692 854 740 Plurimum
870 692 1000 740 enim
1013 707 1041 738 a
1059 707 1109 739 se
1122 689 1363 751 differunt,
1381 707 1491 739 cum
1509 690 1779 741 divinarum

343 799 364 823 «
397 778 456 824 sit
479 776 541 823 de
558 773 896 823 aecclesiasticis
925 772 1129 837 negotiis
1160 781 1388 834 tractare,
1416 783 1464 821 et
1496 772 1781 822 secularium

342 877 367 901 «
394 853 684 903 secularibus
705 851 937 900 adhiberi.
961 854 1178 910 Quarum
1196 852 1361 918 primae
1388 861 1520 900 tanto
1547 851 1783 902 secundas

342 956 364 978 «
395 943 649 999 superant,
679 940 861 996 quanto
899 929 1119 977 secundae
1160 930 1325 996 primis
1360 930 1606 979 inferiores
1637 940 1778 992 sunt3

341 1034 362 1057 «
394 1011 526 1060 unde
549 1020 596 1058 et
614 1010 785 1057 divinis
810 1026 896 1075 per
919 1008 1082 1056 omnia
1096 1025 1209 1055 suus
1228 1007 1389 1055 honor
1405 1007 1668 1057 servandus
1691 1019 1777 1058 est.

341 1112 363 1135 «
394 1091 441 1137 Si
462 1105 576 1155 ergo
596 1088 738 1136 frater
766 1097 813 1135 et
831 1087 1146 1152 coepiscopus
1173 1095 1336 1134 noster
1366 1085 1590 1134 Arnulsus
1611 1087 1783 1152 majes-

341 1189 363 1212 «
396 1169 503 1215 tatis
527 1183 637 1214 reus
654 1165 903 1213 convictus
926 1164 1083 1224 fuerit,
1105 1180 1195 1230 pro
1218 1162 1501 1211 sacerdotali
1519 1165 1784 1215 reverentia

343 1267 366 1292 «
394 1257 441 1294 et
463 1245 704 1310 sanguinis
735 1242 986 1302 affinitate,
1018 1258 1046 1290 a
1069 1241 1378 1290 serenissimis
1409 1239 1598 1307 regibus
1623 1241 1803 1291 indul--

342 1346 364 1371 «
395 1324 606 1390 gendum
632 1323 929 1387 aliquatenus
954 1337 1055 1368 non
1084 1319 1262 1367 abnuo.
1295 1318 1459 1368 Juditii
1485 1330 1645 1369 tamen
1674 1337 1783 1371 sen·

342 1424 364 1448 «
396 1403 594 1451 tentiam
617 1401 818 1448 omnino
839 1415 939 1446 non
959 1398 1175 1463 effugiet,
1206 1398 1245 1446 si
1269 1413 1355 1445 sua
1381 1397 1681 1448 confessione
1709 1399 1784 1449 in·

342 1502 365 1528 «
395 1481 567 1547 dignus
586 1478 868 1528 sacerdotali
886 1477 1115 1542 dignitate
1133 1476 1524 1526 manifestabitur.
1549 1498 1574 1523 υ

587 1694 684 1728 LVI.
698 1713 746 1720 —
758 1692 962 1740 Indignatio
974 1694 994 1715 ³·
1014 1692 1190 1730 Brunonis
1202 1692 1221 1714 ⁴*
1239 1692 1276 1727 in
1293 1693 1484 1728 Amulsum
1495 1693 1532 1727 ⁵.

408 1815 569 1858 Bruno
608 1810 919 1874 Lingonensis
949 1810 1203 1874 episcopus
1237 1807 1389 1855 dixit:
1429 1827 1452 1853 «
1478 1811 1618 1857 Hunc
1656 1809 1787 1859 unde

346 1913 368 1936 «
397 1890 477 1938 hic
507 1906 664 1938 sermo
703 1888 908 1936 habetur
932 1889 981 1935 in
1014 1888 1100 1935 has
1136 1888 1348 1935 miserias
1375 1887 1691 1953 praecipitasse
1724 1889 1789 1936 vi-

346 1990 368 2016 «
399 1969 536 2028 deor,
555 1985 685 2027 cum,
705 1977 872 2015 contra
892 1966 1156 2014 multorum
1180 1966 1423 2014 bonorum
1450 1975 1589 2027 vota,
1615 1966 1679 2014 ad
1696 1966 1786 2015 ho·

347 2069 370 2093 «
400 2048 531 2095 noris
567 2046 757 2094 culmen
791 2046 1004 2111 provexi.
1042 2048 1100 2093 Et
1134 2045 1229 2092 hoc
1266 2061 1367 2092 non
1397 2044 1554 2092 solum
1590 2056 1789 2111 propter

348 2147 370 2172 α
400 2126 555 2175 carnis
569 2124 847 2172 affinitatem
866 2124 1017 2185 effeci,
1040 2124 1125 2172 sed
1142 2124 1286 2171 etiam
1306 2133 1358 2171 ut
1373 2123 1437 2171 ad
1453 2123 1664 2173 melioris
1682 2125 1789 2172 vitae

349 2226 370 2250 «
401 2214 576 2253 statum
595 2203 728 2250 illum
748 2202 1058 2262 attraherem,
1084 2218 1196 2249 cum
1221 2218 1320 2249 non
1342 2203 1614 2267 ignorarem
1630 2202 1788 2268 ipsum

348 2305 371 2329 «
401 2281 727 2331 Laudunensis
760 2280 890 2328 urbis
924 2297 1253 2346 pervasorem,
1291 2290 1434 2346 atque
1467 2280 1656 2330 nefarhe
1696 2281 1789 2330 fao-

350 2386 372 2412 «
403 2364 546 2412 tionis
570 2363 875 2411 temerarium
911 2362 1200 2427 principem;
1233 2361 1322 2410 sub
1342 2362 1451 2426 jure
1481 2362 1783 2428 cirographi,

350 2464 373 2487 «
403 2441 594 2507 regibus
620 2439 766 2488 fldem
793 2440 1131 2505 spopondisse,
1160 2457 1251 2506 pro
1284 2439 1419 2488 nullo
1445 2440 1685 2506 praeterito
1707 2451 1791 2489 aut

351 2542 373 2567 «
403 2521 564 2569 futuro
599 2529 897 2567 sacramento
935 2518 1080 2579 fidem
1112 2520 1397 2585 promissam
1430 2536 1533 2567 sese
1559 2536 1789 2585 umquam

350 2620 373 2646 «
403 2599 716 2657 violaturum3
742 2614 907 2662 regum
925 2597 1085 2644 hostes
1109 2614 1199 2663 pro
1218 2596 1409 2662 ingenio
1432 2606 1481 2644 et
1502 2595 1682 2645 viribus
1702 2598 1791 2645 im·

350 2701 372 2725 «
403 2679 685 2746 petiturum,
720 2676 904 2742 illisque
934 2677 983 2725 in
1009 2677 1143 2725 nullo
1173 2677 1655 2726 communicaturum.
1694 2676 1789 2724 Sed

398 2827 418 2847 ⁶
445 2825 514 2859 Ind
527 2850 538 2867 ‚
560 2823 630 2859 Bru
644 2850 654 2867 ,
676 2824 863 2859 Arnulsum
880 2823 967 2857 absc.
