1872 3372
377 247 452 289 182
848 250 1071 292 mcum!
1103 252 1203 294 ΗΒ.
1236 254 1308 294 lv.

370 356 393 379 «
423 335 537 383 dere
555 336 599 383 ei
617 337 941 403 episcopatum
968 355 1067 386 non
1086 340 1286 406 pigebit3
1308 342 1373 390 ita
1391 352 1550 392 tamen
1567 354 1619 392 ut
1635 362 1802 396 seeum-

369 434 390 456 «
421 414 537 462 dum
569 414 880 481 prudentium
912 415 1290 481 ordinationem,
1323 422 1607 471 sacramenti
1638 434 1801 474 aucto-

367 512 390 537 «
422 492 557 542 ritate
576 492 691 540 mihi
710 509 922 542 conexus
946 495 1022 543 sit.
1053 515 1075 539 υ

746 626 884 662 xxlx.
898 647 947 655 —
961 628 1170 678 Cirographi
1181 630 1201 652 ⁴·
1224 631 1407 679 scriptum.

428 748 449 771 «
482 730 538 773 Et
574 736 627 773 ut
661 726 851 791 penitus
886 727 1059 774 mentis
1091 738 1376 795 conceptum
1413 732 1650 796 aperiam,
1688 742 1799 799 post

361 827 383 853 ι(
408 804 660 870 jurationis
678 815 1030 853 sacramentum
1044 842 1057 867 ,
1079 807 1416 874 cirographum
1433 808 1495 857 ab
1513 826 1572 858 eo
1590 809 1799 859 scriben-

361 904 384 928 «
414 883 531 930 dum
556 892 703 949 puto,
726 883 776 931 in
794 900 892 949 quo
913 883 1257 934 maledictionis
1283 886 1538 941 anathema
1566 887 1801 942 habeatur

360 983 382 1007 «
413 960 691 1026 hujusmodi
708 998 721 1022 ,
749 961 883 1027 quod
909 962 953 1010 ei
972 963 1272 1029 impraecetur
1289 980 1380 1030 pro
1399 964 1799 1018 felicibusoontu-

361 1061 385 1086 «
413 1039 609 1088 meliosa
625 1077 639 1103 ,
677 1057 767 1107 pro
804 1040 1085 1089 salutaribus
1131 1042 1419 1108 pernitiosa,
1457 1060 1547 1109 pro
1588 1043 1802 1096 honestis

361 1140 384 1165 «
414 1121 598 1186 turpia,
631 1136 721 1185 pro
739 1118 1049 1167 diuturnitate
1068 1130 1327 1186 punctum,
1355 1138 1446 1187 pro
1470 1121 1660 1171 honore
1687 1139 1803 1172 con·

360 1219 384 1243 «
414 1207 675 1264 temptum,
714 1207 787 1258 et,
811 1207 864 1245 ut
888 1208 1044 1245 totum
1077 1197 1412 1259 concludatur,
1449 1215 1538 1265 pro
1575 1198 1802 1250 omnibus
1830 1254 1834 1260 ,

360 1297 383 1322 «
412 1276 553 1324 bonis
573 1276 738 1324 omnia
763 1275 904 1324 mala.
934 1275 1079 1335 Quod
1097 1277 1241 1325 etiam
1258 1275 1536 1343 bipertitum
1564 1276 1668 1327 fieri
1693 1278 1798 1346 pla-

361 1377 385 1402 «
414 1365 513 1417 cet;
533 1355 735 1404 alterum
752 1356 871 1403 mihi
883 1392 895 1416 ,
918 1355 1006 1403 sibi
1025 1356 1227 1404 alterum
1245 1356 1554 1405 concedatur.
1570 1357 1800 1417 Quando-

361 1455 384 1479 «
413 1451 508 1500 que
523 1435 667 1482 etiam
683 1434 778 1482 hoc
793 1434 861 1482 illi
875 1434 1136 1482 calumnias
1153 1435 1360 1499 ingeret,
1382 1435 1423 1483 si
1439 1436 1640 1502 turpiter
1656 1452 1686 1485 a
1701 1435 1800 1485 fide

361 1533 384 1559 «
414 1512 637 1561 declinet.
665 1532 688 1558 »
718 1516 818 1561 Hac
843 1513 1144 1579 promulgata
1170 1514 1425 1575 sententia,
1457 1514 1506 1561 id
1533 1515 1598 1563 ita
1625 1514 1800 1563 facien-

358 1591 477 1639 dum
503 1590 564 1640 ab
582 1591 806 1639 omnibus
823 1591 1069 1640 laudatum
1098 1601 1182 1639 est.
1213 1592 1433 1642 Procedit
1449 1593 1609 1658 itaque
1632 1593 1801 1641 Amul-

358 1670 432 1718 fus
464 1686 645 1717 coram.
670 1670 718 1717 si
750 1669 796 1717 id
823 1670 1070 1718 inventum
1104 1669 1289 1730 laudet,
1312 1669 1591 1718 consulitur.
1630 1672 1701 1718 An
1732 1671 1799 1719 sic

358 1749 583 1815 suscipiat
599 1747 733 1813 quod
750 1748 867 1814 petit
880 1784 893 1809 ,
924 1748 1201 1795 sciscitatur.
1238 1747 1321 1795 Ille
1348 1747 1548 1795 honoris
1564 1746 1768 1814 cupidus
1781 1784 1795 1809 ,

358 1829 608 1875 inventum
641 1826 828 1888 laudat,
857 1844 959 1875 sese
993 1827 1059 1874 sic
1091 1842 1233 1892 posse
1265 1827 1505 1894 suscipere
1541 1836 1794 1875 asseverat.

358 1908 521 1954 Jussus
561 1906 721 1971 itaque
757 1905 1094 1972 cirographum
1128 1904 1407 1972 bipertitum
1443 1905 1642 1954 notavit.
1684 1906 1798 1971 Regi

359 1983 585 2046 alterum',
606 1983 809 2032 alterum
827 1983 915 2031 sibi
939 1984 1158 2032 servavit.

620 2111 739 2147 XXX.
756 2131 805 2139 —
819 2111 1018 2147 Eukaristia
1032 2111 1075 2135 θ
1093 2124 1197 2147 causa
1213 2111 1421 2159 perditionis
1439 2110 1536 2147 data.

420 2210 566 2269 Quod
584 2226 697 2258 cum
711 2211 810 2275 regi
826 2210 1015 2276 penitus
1044 2208 1306 2269 sufficeret,
1342 2208 1577 2276 episcopis
1602 2217 1791 2269 tamen,

354 2299 409 2345 ut
431 2288 596 2349 fertur,
617 2305 717 2337 non
740 2289 850 2336 satis
867 2288 917 2336 id
931 2289 1087 2336 visum
1112 2298 1203 2348 est,
1232 2287 1321 2335 nisi
1339 2286 1457 2334 illud
1480 2286 1624 2335 etiam
1647 2283 1795 2334 adde-

354 2377 501 2425 retur,
525 2377 579 2414 ut
595 2367 644 2414 in
663 2367 915 2414 missarum
941 2365 1260 2414 celebratione
1285 2364 1588 2413 eukaristiam
1605 2379 1635 2411 a
1649 2378 1798 2411 sacer-

354 2446 467 2499 dote
490 2455 720 2505 sumeret,
752 2462 954 2510 eamque
980 2445 1263 2511 perditionis
1296 2459 1490 2491 causam
1519 2441 1609 2495 sibi
1639 2442 1798 2508 inpre-

353 2523 511 2572 cando
555 2541 717 2573 coram
767 2534 977 2590 optaret,
1029 2524 1068 2571 si
1106 2522 1255 2579 fidem
1296 2520 1523 2569 violando
1565 2535 1796 2586 umquam

354 2602 569 2653 desertor
610 2602 759 2650 fieret.
800 2601 944 2666 Quod
982 2612 1030 2650 et
1064 2601 1240 2650 factum
1275 2600 1376 2649 fuit.
1417 2603 1537 2648 Nam
1572 2597 1797 2648 sacerdos

399 2731 420 2751 '¹'
446 2728 507 2764 Cir
523 2729 640 2763 αὖα-ἵε.

398 2790 439 2817 ¹*
466 2789 495 2824 E
516 2788 633 2823 abacis.
