1872 3372
336 285 418 325 230
823 286 1045 327 menam
1078 286 1178 328 LlB.
1215 288 1286 330 tv,

337 395 360 418 «
390 374 503 440 quia
536 374 737 423 Karolus
768 376 1031 425 avunculus
1063 394 1198 426 meus
1217 414 1231 437 ,
1274 394 1441 443 regum
1480 378 1781 431 adversarius

339 473 362 498 ι(
391 462 545 519 patet,
574 470 686 502 cum
716 455 760 502 ei
792 455 831 502 is
864 454 926 503 de
961 472 1060 521 quo
1096 455 1340 522 loquimur
1371 458 1744 508 communicavit
1762 496 1777 521 ,

337 552 360 578 ι(
390 530 634 598 fidemque
666 543 966 581 sacramento
992 533 1148 595 dedit,
1182 535 1260 599 jus
1285 533 1397 583 fidei
1419 536 1664 602 promisse
1697 554 1781 605 pe-

335 630 358 656 «
386 611 514 659 nitus
529 610 735 676 abrupit.
760 614 831 659 An
846 611 1088 660 Manasse‘
1115 622 1162 661 et
1182 614 1412 679 Rotgerus
1432 630 1598 679 regum
1617 614 1784 665 adven

335 708 359 732 «
388 688 498 736 sarii
517 687 712 736 dicendi
738 705 840 736 non
859 696 993 750 sunt,
1020 689 1232 755 quicum
1257 690 1434 739 Karolo
1453 690 1586 740 urbis
1606 692 1781 741 Remo·

335 786 359 811 κ
387 782 495 813 rum
513 782 793 831 pervasores
812 766 965 828 fuere,
993 776 1042 816 et
1058 776 1232 816 sanctae
1255 769 1344 817 Dei
1367 769 1604 834 genitricis
1623 770 1785 820 Mariae

334 863 358 895 κ
388 842 631 892 basilicam
669 860 781 892 cum
823 853 1006 894 armata
1043 861 1192 893 manu
1226 845 1424 911 ingressi
1464 856 1604 907 sunt,
1641 863 1780 897 sanc·

334 941 358 967 «
384 923 689 987 tuariumque
750 922 931 971 nefario
982 923 1195 989 ingressu
1266 924 1566 975 violaverunt
1591 925 1612 973 i’
1679 929 1781 975 Hos

333 1021 357 1047 κ
387 1001 531 1049 etiam
560 1001 648 1049 iste
674 1001 747 1048 sui
765 1001 950 1048 consilii
983 1002 1237 1063 custodes,
1268 1012 1316 1051 et
1333 1002 1600 1052 amicorum
1617 1006 1781 1071 praeci·

333 1100 357 1125 «
386 1096 511 1146 puos
535 1079 760 1127 habebat.
783 1079 930 1139 Quod
957 1081 1070 1146 quia
1093 1081 1505 1129 evidentissimum
1529 1091 1624 1143 est,
1652 1082 1780 1132 dicat

333 1179 357 1203 «
386 1174 518 1206 nunc
553 1159 653 1224 ipse
692 1158 828 1223 cujus
865 1158 1154 1225 impulsione
1188 1169 1272 1207 aut
1300 1160 1524 1208 suasione
1546 1160 1674 1209 istud
1704 1177 1781 1228 ag-

334 1255 358 1281 «
388 1253 573 1302 gressus
590 1237 664 1285 sit.
689 1240 780 1285 Aut
798 1246 926 1285 certe
945 1237 1023 1285 alii
1038 1237 1272 1300 intendet,
1293 1249 1376 1286 aut
1392 1239 1640 1288 convictus
1656 1240 1796 1289 testi--

334 1333 358 1358 «
389 1314 564 1361 moniis
582 1313 805 1363 labascet.
836 1314 1003 1364 Nullus
1030 1316 1455 1381 consanguinitatis
1473 1332 1628 1379 amor,
1647 1316 1780 1366 nulla

334 1413 359 1438 «
386 1391 560 1442 habitae
590 1393 916 1442 familiaritatis
946 1395 1094 1460 gratia
1123 1412 1152 1443 a
1177 1397 1293 1444 recti
1315 1395 1484 1460 judicii
1517 1395 1673 1446 forma
1698 1413 1778 1446 me

334 1491 358 1516 «
386 1471 549 1538 aliquo
568 1471 721 1520 modo
744 1472 988 1521 seducent.
1017 1492 1040 1517 υ
1637 1473 1644 1478 “

332 1709 449 1744 LVII.
461 1728 511 1737 —
520 1709 612 1745 Laus
623 1708 644 1731 ¹
656 1708 899 1744 Godesmanni
907 1709 930 1731 ¹*
943 1707 989 1743 de
1005 1708 1292 1756 magnanimitate
1301 1710 1323 1733 ⁴
1341 1709 1520 1746 Brimo-ia
1532 1718 1568 1746 et
1577 1710 1600 1734 ⁵
1614 1720 1654 1747 ut
1662 1712 1685 1735 θ
1700 1712 1746 1748 ab
1754 1712 1777 1736 ⁶

690 1786 734 1809 eo
747 1773 916 1822 juditium
932 1773 1164 1809 constituatur
1177 1773 1198 1796 ⁸
1213 1774 1417 1822 postulatio.

400 1881 790 1943 GodesmannuS,
813 1883 1141 1932 Ambianensis
1165 1885 1438 1951 episcopus,
1461 1884 1610 1934 dixit:
1634 1903 1661 1931 α
1680 1888 1777 1934 Νο-

338 1980 369 2008 «-
389 1961 546 2010 vimus
569 1961 852 2010 venerabilis
881 1963 1116 2010 Brunonis
1135 1963 1605 2029 magnanimitatem,
1627 1979 1776 2029 quem

284 2051 286 2053 ·
339 2058 365 2085 «
390 2039 551 2088 nullus
575 2039 814 2087 affinitatis
846 2056 1001 2101 amor,
1036 2041 1167 2089 nulla
1200 2041 1488 2089 familiaritas
1517 2057 1546 2089 a
1579 2041 1779 2090 veritate

338 2137 363 2163 «
389 2128 674 2184 sequestrat,
697 2129 744 2167 at
769 2119 896 2185 rigor
919 2121 1066 2167 animi
1087 2156 1099 2181 ,
1122 2130 1169 2168 et
1203 2137 1397 2168 morum
1424 2118 1638 2186 probitas
1656 2121 1778 2169 veri·

338 2217 363 2243 κ
390 2196 555 2245 dicum
585 2207 632 2245 et
661 2198 739 2245 cui
763 2198 1059 2252 credendum
1078 2200 1136 2247 sit
1160 2199 1517 2266 promptissime
1540 2197 1771 2248 indicant.

337 2298 362 2325 «
390 2281 517 2344 Ergo
542 2280 654 2344 quia
688 2279 749 2327 de
773 2281 1124 2329 examinatione
1159 2291 1318 2329 reatus
1352 2281 1506 2329 fratris
1541 2290 1591 2330 et
1613 2281 1776 2348 coepi·

337 2375 362 2402 «
389 2358 525 2423 scopi
542 2358 694 2405 nostri
722 2358 905 2406 Arnulfi
930 2360 1111 2407 mentio
1137 2360 1355 2426 superius
1375 2359 1495 2407 facta
1517 2368 1606 2420 est,
1635 2357 1698 2407 ab
1715 2374 1780 2407 eo

335 2454 362 2481 κ
387 2435 701 2502 quaerendum
725 2436 930 2496 videtur,
967 2437 1108 2503 quale
1138 2455 1196 2486 ex
1226 2437 1319 2486 hac
1342 2454 1394 2486 re
1412 2435 1693 2486 habendum
1716 2437 1776 2485 sit

336 2536 362 2564 a
382 2517 611 2583 juditium
624 2554 638 2579 ,
659 2535 719 2568 eo
748 2519 883 2584 quod
899 2520 1058 2587 ipsum
1091 2530 1312 2586 oporteat
1323 2519 1485 2585 juditii
1506 2529 1777 2586 temperare

337 2616 362 2643 κ
389 2613 668 2658 censuram,
702 2614 815 2646 cum
844 2599 946 2665 ipse
975 2599 1043 2646 sic
1070 2598 1195 2646 inter
1220 2608 1479 2664 utrumque
1507 2597 1568 2646 sit
1599 2597 1779 2645 consti·

378 2742 399 2762 ¹
426 2740 518 2775 Laus
532 2766 542 2784 ,
567 2753 648 2775 man
662 2767 669 2781 ‚
691 2740 794 2782 uani,
813 2748 847 2775 et
862 2749 901 2775 ut
919 2753 939 2774 a
953 2766 962 2782 ,
982 2740 1132 2774 constitu
1151 2738 1291 2773 abscisa.

379 2810 391 2831 ·
419 2797 541 2846 unffi-1
557 2809 672 2843 coda.
