1872 3372
712 473 968 533 LIBER
1029 472 1443 543 QUARTUS.

986 651 1176 659 ---

1062 778 1091 810 l.

422 890 618 956 Sepulto
649 890 899 950 hostiario,
925 890 1194 939 Ludovicus
1230 891 1355 939 lilius
1392 908 1419 938 a
1457 891 1581 939 duce
1608 889 1806 955 aliisque

357 968 652 1035 principibus
668 970 716 1016 in
737 986 937 1034 regnum
956 969 1256 1034 subrogatur.
1281 967 1676 1017 Circumvallatur
1689 984 1805 1033 ergo

354 1048 534 1096 ambitu
554 1049 903 1096 universorum.
928 1048 1216 1095 l'romittunt
1234 1046 1639 1107 benivolentiam3
1662 1062 1807 1114 spon·

354 1126 470 1174 dent
506 1126 680 1187 fidem3
721 1127 973 1192 stipatores
1009 1127 1152 1175 etiam
1189 1126 1322 1173 vario
1357 1124 1490 1173 cultu
1532 1125 1543 1150 ⁸
1589 1123 1806 1175 facienda

352 1204 597 1254 dictabant
646 1206 683 1253 ⁴.
740 1205 826 1253 Alii
867 1205 997 1253 enim
1034 1206 1082 1253 in
1122 1204 1308 1271 palatiis
1345 1204 1363 1229 ²
1409 1205 1453 1253 ei
1495 1202 1828 1268 residendum·

352 1284 637 1344 censebant,
654 1295 708 1332 ut
726 1285 966 1351 principes
983 1283 1046 1332 ad
1061 1301 1113 1333 se
1131 1283 1431 1332 confluentes
1444 1319 1457 1344 ‚
1478 1283 1582 1348 ejus
1602 1283 1804 1350 imperio

350 1362 663 1423 deservirent,
693 1381 755 1411 ne
775 1364 901 1428 regia
919 1362 1124 1428 dignitas
1141 1362 1389 1411 vilesceret
1403 1398 1416 1423 ,
1439 1362 1479 1410 si
1498 1361 1614 1411 alias
1637 1370 1805 1428 utpote

352 1443 506 1508 inops,
526 1442 665 1491 alieni
686 1442 894 1507 suffragii
910 1452 1094 1508 peteret
1110 1459 1254 1507 opes;
1277 1442 1326 1489 in
1343 1442 1478 1489 omni
1496 1441 1641 1489 etiam
1656 1439 1804 1506 digni·

351 1531 446 1569 tate
469 1521 516 1568 id
539 1539 642 1570 esse
660 1521 930 1570 cavendnm
944 1557 956 1581 ‚
980 1538 1041 1569 ne
1062 1522 1109 1568 in
1129 1519 1394 1587 primordio
1419 1520 1626 1586 suscepti
1643 1518 1802 1567 hono·

351 1601 414 1646 ris
431 1636 444 1659 ,
468 1600 690 1664 segnities
708 1611 755 1648 et
783 1600 969 1664 ignavia
998 1600 1222 1647 virtutem
1249 1598 1526 1647 habendam
1553 1608 1796 1664 superent.

351 1681 469 1726 Nam
489 1679 527 1726 si
556 1679 604 1726 id
624 1678 678 1727 fit
698 1679 714 1704 ³
750 1689 897 1727 totam
922 1680 1065 1727 etiam
1083 1696 1186 1726 rem
1212 1679 1260 1726 in
1280 1688 1612 1744 contemptum
1630 1687 1679 1726 et
1697 1677 1801 1726 vili-

317 1755 319 1757 ’
348 1766 494 1804 tatem
528 1758 921 1823 pernitiosissime
957 1758 1289 1805 deventuram.
1333 1756 1419 1805 Alii
1457 1773 1655 1822 quoque
1688 1774 1800 1805 cum

349 1834 473 1882 duce
490 1836 532 1882 ei
551 1836 957 1884 commorandum
974 1836 1266 1895 asserebant,
1290 1852 1349 1883 eo
1365 1835 1500 1901 quod
1519 1834 1801 1884 adolescens

348 1914 465 1961 tanti
489 1914 719 1979 principis
743 1914 999 1980 prudentia
1027 1915 1167 1962 simul
1187 1925 1235 1963 et
1252 1916 1427 1963 virtute
1452 1913 1700 1962 informari
1728 1913 1799 1962 in·

348 1991 556 2057 digeret3
580 1993 668 2041 sibi
686 2011 883 2059 quoque
903 1993 1158 2042 utillimum
1180 1994 1305 2055 fieri,
1337 1995 1375 2042 si
1403 1993 1613 2060 potentis
1635 1992 1798 2059 dispo-

346 2072 504 2119 sitioni
533 2073 593 2120 ad
628 2083 816 2140 tempus
848 2073 1064 2133 cederet,
1096 2091 1207 2122 cum
1239 2075 1341 2122 sine
1361 2090 1421 2121 eo
1440 2090 1529 2122 nec
1565 2072 1798 2139 regnandi

350 2150 614 2214 potentiam
626 2150 807 2199 habere
826 2168 882 2199 ex
900 2152 1083 2216 integro
1102 2161 1280 2218 posset,
1303 2162 1350 2199 et
1367 2167 1455 2217 per
1472 2167 1585 2198 eum
1603 2160 1797 2198 strenue

348 2237 492 2292 atque
513 2228 687 2276 utiliter
704 2231 869 2278 omnia
881 2229 1199 2278 administrari
1218 2230 1448 2278 valerent.
1467 2231 1565 2277 Rex
1582 2227 1796 2295 partibus

347 2305 548 2365 auditis,
588 2309 873 2356 sententiam
907 2308 1103 2356 distulit.
1145 2308 1330 2356 Collato
1366 2324 1482 2355 vero
1517 2324 1630 2355 eum
1672 2306 1796 2356 duee

345 2384 569 2444 consilio,
593 2387 634 2433 ei
655 2386 831 2434 abinde
849 2397 949 2435 tota
968 2397 1128 2435 mente
1147 2387 1365 2435 addictus
1385 2386 1512 2434 savit.

394 2540 403 2559 '
430 2541 507 2585 cul,
528 2540 586 2575 dic
611 2555 650 2575 es-
666 2545 803 2587 conjecae.

388 2597 403 2616 ²
429 2609 465 2643 p.
483 2610 624 2633 suarum
642 2600 781 2635 urbium
799 2600 919 2634 deleta.

393 2653 407 2672 ²
434 2655 482 2686 ita
499 2653 574 2688 cod.
