1872 3372
368 285 445 322 17⁶2
849 280 1068 322 menam
1107 281 1203 322 Lm.
1236 281 1305 321 lv.

366 372 414 418 in
458 371 706 418 cacumine
754 380 801 418 et
842 370 967 429 basi,
1009 387 1094 437 per
1131 380 1336 435 quatuor
1379 369 1522 416 latera
1565 370 1798 436 repagulis

366 459 626 497 transverse
652 450 871 507 annexis3
901 450 949 495 in
985 447 1145 496 medio
1170 464 1284 496 vero
1303 446 1609 495 solummodo
1639 446 1796 496 levum

366 526 488 574 latus
520 537 568 574 et
602 526 823 574 dextrum
855 527 981 591 ligna
1013 526 1281 574 transmissa
1303 525 1528 574 habuere.
1572 528 1628 573 At
1657 542 1802 592 super

367 602 572 651 trabium
592 613 853 652 erectarum
883 604 1149 669 superiores
1179 604 1534 664 commissuras,
1556 603 1801 668 longurios

367 681 490 729 duos
512 692 801 742 straverunt,
840 683 1142 747 inmotosque
1174 681 1456 742 effecerunt,
1492 691 1676 748 partem
1709 691 1803 730 ter-

369 761 481 808 tiam
506 761 762 827 superioris
786 761 922 826 spatii
952 759 1156 807 trabium
1181 759 1229 807 in
1259 759 1420 807 medio
1450 758 1735 808 obtinentes.
1766 762 1809 807 A.

368 838 541 903 quibus
560 838 788 903 longuriis
806 839 942 886 funes
964 838 1215 905 implicitos
1233 837 1572 904 deposuerunt.
1595 837 1804 887 Funibus

368 932 562 980 quoque
586 915 769 963 trabem
793 933 901 963 cum
923 916 1095 963 ferrato
1119 916 1272 981 capite
1300 915 1457 964 multae
1476 915 1805 981 grossitudinis

369 994 733 1059 suspenderunt.
778 995 864 1041 Cui
899 994 1040 1041 etiam
1070 993 1191 1041 trabi
1225 995 1273 1041 in
1315 993 1474 1042 medio
1510 1003 1558 1042 et
1590 1003 1804 1042 extremo

370 1073 504 1120 funes
527 1073 738 1137 alligatos
768 1072 1114 1133 adhibuerunt,
1153 1073 1259 1137 qui,
1293 1089 1319 1119 a
1344 1071 1648 1120 multitudine
1671 1073 1805 1120 tracti

370 1161 416 1199 et
450 1152 657 1212 remissi,
687 1151 866 1199 ferratae
892 1151 1007 1198 moli
1036 1161 1222 1198 motum
1252 1150 1435 1197 darent.
1476 1149 1614 1198 Unde
1648 1159 1696 1198 et
1718 1149 1808 1198 hu·

365 1230 577 1294 jusmodi
607 1230 827 1278 machina
845 1231 957 1295 quia
983 1247 1117 1278 more
1145 1229 1303 1278 arietis
1334 1239 1462 1276 retro
1491 1238 1663 1289 tracta,
1695 1239 1832 1278 ante·

370 1326 481 1356 cum
506 1310 685 1375 impetu
711 1310 828 1367 ruit,
858 1309 978 1356 aries
1012 1308 1302 1374 appellatur;
1330 1308 1669 1372 cujuscumque
1699 1306 1808 1356 soli-

371 1385 529 1434 ditatis
562 1388 708 1434 muris
739 1387 1007 1452 frangendis
1034 1388 1319 1452 aptissimus,
1351 1389 1508 1444 Quam
1535 1378 1677 1434 etiam'
1709 1402 1809 1435 ma·

371 1463 563 1512 chinam
599 1482 742 1530 super
778 1475 871 1512 tres
918 1475 1045 1512 rotas
1087 1465 1322 1529 triangulo
1364 1474 1570 1512 scemate
1603 1464 1806 1531 positam
1864 1454 1867 1456 ’

373 1551 678 1606 aptaverunt,
706 1559 804 1607 quo
828 1542 1006 1590 facilius
1038 1541 1279 1607 obliquata
1296 1578 1309 1603 ,
1339 1557 1645 1607 quocumque
1670 1558 1812 1607 opor-

374 1628 494 1666 teret
517 1621 636 1668 verti
667 1620 859 1668 valeret.
896 1625 954 1668 At
981 1621 1091 1685 quia
1116 1620 1246 1668 urbis
1269 1621 1385 1678 situs
1412 1619 1637 1668 accedere
1653 1619 1813 1686 prohi-

374 1696 502 1756 buit,
525 1715 584 1746 eo
607 1698 738 1763 quod
763 1699 863 1764 ipsa
889 1698 1003 1746 urbs
1028 1700 1075 1745 in
1104 1699 1330 1747 eminenti
1363 1698 1539 1746 montis
1564 1698 1812 1746 cacumine

377 1776 584 1837 eminet,
607 1777 727 1825 aries
751 1777 1002 1824 fabricatus
1028 1777 1181 1825 cessit.

549 1915 689 1949 XXIII.
707 1934 755 1943 -
771 1915 944 1963 Digressio
962 1916 1121 1962 Hugonis
1140 1927 1221 1950 cum
1235 1914 1390 1950 exercitu
1409 1926 1430 1949 a
1446 1913 1633 1949 [anduno.

445 2028 557 2074 Post
574 2026 674 2074 haec
701 2043 811 2074 cum
834 2043 921 2091 per
946 2026 1048 2074 dies
1069 2026 1303 2092 plurimos
1326 2026 1376 2073 in
1403 2025 1655 2074 obsidione
1684 2024 1814 2073 urbis

380 2103 546 2168 vigiliis
575 2114 622 2151 et
646 2105 773 2151 curis
799 2105 1065 2170 pugnisque
1097 2104 1421 2169 frequentibus
1451 2104 1812 2162 laboravissent,

378 2181 456 2229 die
497 2182 704 2247 quadam
746 2182 1022 2230 custodibus
1074 2193 1337 2230 castrorum
1385 2182 1498 2229 vino
1547 2197 1816 2246 somnoque

380 2261 664 2325 aggravatis,
687 2261 858 2308 urbani
883 2262 995 2308 vino
1014 2260 1256 2308 exhilarati
1272 2277 1383 2308 cum
1406 2260 1550 2307 armis
1577 2259 1640 2307 ad
1663 2267 1815 2306 castra

379 2339 623 2405 pedestres
640 2350 888 2387 venerunt.
914 2340 1105 2404 Equites
1138 2356 1252 2386 vero
1274 2348 1625 2403 consequenter
1649 2337 1818 2385 amati

381 2418 619 2466 subsecuti
645 2428 780 2478 sunt,
804 2419 871 2466 rei
889 2428 1112 2466 eventum
1131 2417 1478 2483 praestolanteS,
1513 2426 1566 2464 ut
1583 2416 1623 2464 si
1646 2430 1817 2484 pugnae

381 2497 515 2544 locus
539 2497 744 2557 adesset,
773 2514 1095 2564 prosperaque
1123 2497 1311 2543 fortuna
1336 2495 1518 2543 felicem
1547 2502 1779 2542 annueret
1798 2493 1811 2517 ⁶

383 2585 606 2623 eventum
621 2611 634 2635 ,
682 2593 793 2623 cum
834 2575 971 2623 hoste
1015 2573 1285 2622 cornminus
1327 2575 1651 2639 confligerent.
1696 2574 1819 2620 Cum

383 2671 495 2719 ergo
527 2654 709 2720 pedites
730 2655 829 2718 jam
855 2655 1018 2702 castris
1043 2655 1468 2719 propinquassent,
1502 2651 1820 2717 custodesque

432 2800 441 2820 ¹
468 2798 656 2846 sponderet
674 2812 771 2847 supra
788 2801 898 2847 posito
918 2809 1084 2834 annueret
1103 2799 1217 2834 codex.
