1890 3380
365 244 415 281 28
827 243 1043 284 Rumam
1076 242 1173 285 ΗΒ.
1212 243 1288 284 111.

362 404 563 441 xxvi.—
585 404 692 449 Quod
721 404 1333 453 meuoponunm·Ad-1bem‹te·
1355 403 1487 439 rehu-⁵
1511 401 1619 436 uncti
1650 399 1799 449 nauigii

639 482 659 504 a
677 470 797 516 papa·
814 468 978 504 soban-ae
994 469 1246 517 privilegium’
1265 467 1341 503 fieri
1361 466 1494 515 petiit·

426 576 558 623 'l'unc
583 575 655 622 vir
678 574 1000 624 memorabilis
1025 576 1092 624 sic
1116 591 1345 623 exorsus:
1378 594 1399 619 «
1427 572 1667 632 Quoniam
1689 591 1713 616 n
1732 569 1803 620 in-

364 653 466 717 quit
500 673 522 697 «
554 663 688 718 pater
730 653 1050 713 sanctissime,
1082 652 1232 702 multa
1264 652 1457 700 caritate
1489 650 1641 699 filium
1672 665 1803 698 com·

368 753 388 774 κ
422 731 586 797 plexus
622 731 683 781 ad
722 741 767 779 te
799 731 1002 797 amplius
1043 732 1268 780 attraxisti
1283 766 1295 789 ‚
1340 730 1472 796 quod
1512 728 1601 778 tibi
1635 744 1805 778 onero-

370 831 390 852 «
422 826 529 856 sum
565 810 623 856 sit
659 809 919 875 petendum
953 826 1052 857 non
1088 809 1308 858 arbitror.
1350 808 1467 855 Novi
1503 807 1632 856 enim
1669 805 1804 873 quod

370 907 389 927 κ
421 886 622 950 diligens
655 896 791 951 pater
825 887 1064 934 interdum
1102 885 1201 934 filio
1231 887 1413 951 gravari
1448 884 1666 951 gaudeat.
1710 884 1805 934 sed

371 987 389 1005 «
424 964 540 1012 illud
572 975 732 1030 petere
759 982 836 1012 me
866 966 1119 1031 proposui,
1147 965 1282 1031 quod
1308 975 1355 1013 et
1384 974 1516 1013 tanto
1546 963 1668 1030 patri
1693 979 1807 1012 one-

372 1065 391 1084 «
425 1059 587 1090 rosum
606 1059 704 1090 non
737 1040 846 1102 fiat,
883 1052 931 1090 et
954 1044 1135 1108 petenti
1152 1044 1264 1093 satis
1281 1041 1528 1092 commodi
1541 1050 1803 1108 comparet.

372 1145 389 1165 ιι
427 1126 506 1171 Est
536 1123 654 1171 mihi
683 1124 733 1171 in
774 1123 938 1172 Galliis
978 1125 1329 1173 monachorum
1361 1123 1639 1173 coenobium
1653 1158 1670 1183 ‚
1707 1139 1807 1172 non

383 1224 392 1245 ‹
425 1201 567 1265 longe
584 1200 646 1249 ab
663 1201 782 1250 urbe
815 1205 1073 1250 Remorum
1099 1204 1262 1250 situm.
1295 1201 1386 1250 Ubi
1411 1203 1556 1250 etiam
1577 1201 1704 1251 beati
1724 1203 1810 1250 ne-

373 1301 395 1322 «
428 1279 557 1343 migii
575 1282 866 1328 Francorum
878 1282 1067 1346 patroni
1087 1297 1265 1347 corpus
1277 1281 1627 1329 sanctissimum
1641 1266 1823 1328 ‹leoen-⁸

427 1358 606 1405 tissime
629 1359 854 1423 quiescit,
889 1359 965 1406 cui
1004 1358 1147 1406 etiam
1171 1358 1333 1405 bonor
1359 1357 1637 1406 exhibetur·
1680 1355 1811 1406 debi-

429 1446 517 1484 tus.
564 1437 708 1500 Cujus
747 1454 821 1485 res
860 1438 907 1485 in
943 1447 1189 1503 posterum
1226 1436 1423 1485 stabiliri
1455 1435 1652 1485 firmiter
1687 1453 1812 1503 quae-

375 1536 396 1557 «
429 1530 565 1574 rem,
609 1525 773 1562 vestrae
805 1515 1097 1563 auctoritatis
1135 1514 1382 1581 privilegio
1423 1513 1700 1563 confirmari
1742 1515 1813 1564 in-

376 1614 397 1635 «
429 1594 783 1657 praesentiarum
809 1593 1050 1659 deposcO,
1076 1603 1225 1641 terras
1252 1592 1473 1642 videlicet
1495 1591 1646 1642 cultas
1669 1601 1813 1696 atque

377 1692 397 1714 «
431 1671 654 1730 inculta5‚
706 1672 846 1720 silvas
895 1681 943 1720 et
982 1687 1184 1737 pascua,
1234 1672 1398 1719 vineas
1442 1687 1499 1719 ac
1542 1670 1789 1738 potneria²
1795 1706 1808 1731 ,

378 1771 399 1792 «
431 1758 666 1797 torrentes
689 1759 737 1797 et
769 1760 957 1814 stagna,
997 1750 1137 1797 castri
1159 1765 1355 1814 quoque
1387 1748 1581 1797 illorum
1613 1749 1815 1798 nunniu-

433 1837 554 1885 tem‚
591 1826 904 1892 villarumque
934 1827 1176 1876 liberalem
1208 1828 1332 1874 intra
1364 1837 1412 1875 et
1444 1836 1577 1876 extra
1611 1836 1814 1894 potestn—

389 1928 399 1949 ‹
436 1915 532 1953 tem
546 1941 558 1965 ,
589 1906 782 1954 tandem
806 1907 948 1954 etiam
972 1923 1048 1954 res
1072 1923 1241 1954 omnes
1266 1905 1465 1954 mobiles
1492 1915 1638 1972 atque
1663 1907 1814 1955 inmo-

436 1983 551 2032 biles
588 1985 727 2032 vestri
758 1984 1049 2051 apostolatus
1082 1984 1285 2050 dignitas
1318 1983 1490 2032 solidet
1524 1994 1669 2050 atque
1703 2000 1815 2034 con·

381 2085 404 2107 «
438 2064 607 2113 firmet.
653 2064 902 2113 Abbatiam
937 2082 1132 2131 quoque
1163 2066 1313 2113 sancti
1342 2065 1579 2114 Timothei
1610 2065 1814 2115 martiris

383 2165 403 2186 «
436 2159 541 2207 quae
575 2144 723 2190 nostri
757 2144 876 2207 juris
911 2161 1012 2192 esse
1038 2144 1242 2202 videtur,
1274 2144 1363 2191 sub
1398 2145 1540 2193 vestri
1566 2145 1814 2212 praesentia

439 2221 705 2286 horumque
730 2223 1066 2288 episcoporum
1096 2223 1367 2270 testimonio
1393 2224 1459 2270 eis
1492 2222 1733 2282 concedo,
1762 2233 1814 2271 ut

384 2322 402 2342 «
438 2300 548 2347 inde
582 2300 870 2365 pauperibus
901 2301 1270 2358 administretur,
1309 2310 1352 2347 et
1395 2302 1625 2348 memoria
1665 2302 1813 2349 nostri

384 2399 406 2421 l(

437 2379 580 2426 servis
619 2379 704 2426 Dei
730 2380 778 2426 in
813 2379 1034 2427 coenobio
1059 2379 1303 2427 habeatur.
1350 2383 1456 2428 Haec
1498 2380 1637 2444 igitur
1675 2395 1815 2447 supe-

385 2478 405 2500 «
439 2457 642 2505 rioribus
666 2457 826 2505 addita
862 2459 908 2504 in
940 2458 1017 2521 jus
1049 2457 1256 2524 praedicti
1291 2458 1440 2508 sancti
1473 2469 1709 2519 transeat,
1733 2467 1813 2506 at-

430 2632 447 2648 ‘
474 2631 692 2676 opolitanns,
708 2631 750 2665 ‹lr
770 2631 870 2665 rebus
886 2659 893 2672 ,
914 2645 956 2677 pa
973 2659 981 2673 ‚
1002 2633 1131 2678 egium,
1147 2633 1198 2666 tiit
1216 2633 1339 2666 abscisa

432 2685 442 2705 ⁸
470 2695 623 2721 servatur
641 2700 722 2721 corr.
742 2688 935 2722 exhibetur.
