1872 3372
352 277 405 315 86
831 279 1050 321 menam
1083 280 1181 322 Lm.
1216 281 1293 321 111.

350 365 465 413 catis
487 365 526 413 si
546 367 630 431 qui
658 367 778 415 forte
804 369 814 393 ⁸
852 369 1191 430 abscesserant,
1215 386 1471 435 regnorum
1492 369 1787 437 principibus

350 443 397 490 in
422 460 573 492 unum
591 445 825 506 collectis,
847 463 1011 496 coram
1030 448 1097 496 sic
1123 448 1311 496 locutus
1334 458 1403 496 est
1428 466 1436 493 :

680 615 850 651 Lxxm.
865 636 914 644 —-
927 616 1080 651 Oratio·
1098 616 1238 652 Ottonis
1252 616 1298 652 ad
1309 618 1330 641 Ψ
1348 629 1440 652 suos.

416 732 440 758 α
469 716 576 761 Non
593 713 654 761 ab
676 731 743 775 re,
762 715 847 762 viri
865 714 996 775 clari,
1012 714 1108 762 huc
1123 732 1210 763 vos
1225 717 1506 764 convenisse
1523 715 1669 765 volui.
1690 716 1787 765 Vir-

352 811 376 835 «
405 800 479 838 tus
498 802 646 839 vestra
658 793 921 858 suggessita
933 793 1068 841 vobis
1080 793 1333 842 consilium
1346 806 1583 861 expetere,
1600 812 1724 862 quos
1739 804 1788 844 et

352 890 376 914 «
406 871 647 935 ingenium
665 871 879 932 decorat,
897 882 943 919 et
961 872 1107 920 animi
1125 873 1271 920 virtus
1284 873 1524 922 informat.
1539 877 1636 923 Nec
1654 873 1790 923 dubi-

353 968 376 993 «
405 950 498 996 tavi
518 966 596 997 me
613 961 946 1016 suscepturum
960 967 986 998 a
1004 950 1139 999 vobis
1152 952 1322 1016 optimi
1337 951 1520 1000 consilii
1532 953 1786 1012 rationem,

353 1046 376 1071 «
405 1044 516 1074 cum
536 1027 597 1074 ab
615 1029 778 1075 animo
795 1045 894 1075 non
913 1030 1184 1088 excesserit,
1204 1039 1386 1095 quanto
1404 1031 1567 1078 animo
1579 1066 1593 1091 ‚
1610 1041 1791 1096 quanta

353 1125 377 1149 «
406 1106 578 1153 virtute
623 1107 671 1152 in
707 1105 802 1154 fide
840 1106 1070 1155 hactenus
1104 1108 1381 1173 perstitistis
1426 1111 1546 1157 Ante
1580 1107 1673 1158 hac
1702 1109 1791 1157 viri

353 1203 376 1228 «
406 1183 677 1244 clarissimi,
701 1185 879 1250 ingenti
900 1186 1071 1233 virtute
1099 1202 1189 1252 pro
1215 1186 1410 1251 egregiae
1431 1185 1586 1235 laudis
1601 1185 1793 1236 honore
1813 1242 1819 1249 ,

352 1282 375 1309 «
404 1273 451 1312 et
476 1263 625 1328 gloria
642 1265 895 1329 sategistis,
918 1282 1030 1312 cum
1055 1275 1103 1312 et
1127 1264 1327 1313 consilio
1346 1264 1484 1326 clari,
1507 1274 1554 1314 et
1570 1263 1700 1315 bello
1723 1265 1793 1314 in·

353 1361 377 1387 «
405 1343 515 1390 victi
534 1343 782 1391 enituistis.
802 1346 939 1391 Nunc
948 1360 1143 1409 quoque
1161 1344 1331 1392 eadem
1349 1345 1521 1392 virtute
1537 1334 1789 1394 nitendum

354 1442 378 1467 α
406 1432 502 1481 est,
537 1438 599 1469 ne
627 1421 757 1470 laudi
786 1423 981 1487 egregiae
1008 1423 1157 1489 turpis
1188 1422 1380 1471 infamia
1410 1423 1650 1472 succedat.
1681 1424 1791 1472 Eni-

353 1521 376 1545 «
406 1501 560 1548 timini
584 1517 698 1566 ergo
724 1517 814 1566 pro
844 1500 1048 1558 viribm,
1098 1511 1145 1549 et
1175 1502 1213 1549 si
1243 1501 1360 1566 quid
1393 1500 1644 1552 dedecoris
1675 1518 1791 1551 oon·

353 1598 376 1623 «
408 1579 636 1638 traxistis,
671 1595 700 1626 a
736 1589 866 1626 tanta
897 1578 1178 1627 claritudine
1225 1579 1502 1627 amoveatis.
1547 1581 1655 1628 Non
1703 1596 1792 1628 vos

355 1675 379 1701 «
407 1656 548 1716 latet,
580 1656 699 1722 fugae
728 1657 1039 1722 ignominiam
1070 1674 1098 1705 a
1121 1657 1348 1705 Lothario
1382 1674 1539 1723 nuper
1569 1674 1662 1706 nos
1685 1674 1793 1724 per·

355 1755 378 1780 «
410 1735 585 1783 tulisse.
609 1738 766 1794 Quam
794 1752 894 1783 non
920 1735 1077 1783 solum
1095 1735 1249 1796 bello,
1268 1735 1354 1783 sed
1383 1736 1526 1783 etiam
1544 1745 1702 1784 morte
1724 1752 1794 1785 re-

354 1834 378 1858 «
407 1812 610 1878 pellere,
641 1824 689 1861 et
713 1824 921 1861 vestram
957 1813 1292 1861 claritudinem
1318 1813 1456 1861 decet
1471 1850 1484 1874 ,
1528 1823 1577 1862 et
1602 1824 1794 1881 tempus

355 1911 379 1936 «
408 1892 621 1958 exposcit
637 1928 650 1952 ‚
680 1891 877 1940 facultas
906 1891 1048 1939 etiam
1085 1891 1356 1957 persuadet.
1393 1892 1441 1940 Si
1471 1892 1614 1957 igitur
1642 1893 1794 1958 magis

354 1994 377 2018 «
407 1974 642 2040 imperare
671 1990 817 2040 quam
845 1974 1021 2022 servire
1048 1974 1200 2040 parati
1226 1974 1360 2033 estis,
1392 1974 1511 2022 dum
1532 1984 1644 2023 aetas
1667 1974 1795 2040 viget

354 2072 377 2097 «
407 2053 691 2118 animusque
740 2052 889 2112 valet,
946 2051 1040 2099 hoc
1090 2052 1271 2099 facinus
1314 2069 1375 2100 ne
1415 2051 1787 2119 parvipendatis.

354 2151 376 2176 α
408 2132 590 2196 Ingenti
629 2132 802 2179 virtute
843 2130 1013 2180 efficite
1049 2140 1103 2178 ut
1144 2130 1244 2178 sitis
1298 2130 1571 2190 formidini,
1616 2129 1793 2196 quibus

355 2229 378 2254 «
408 2209 640 2274 ignobiles
664 2221 712 2258 et
738 2210 907 2275 vulgus
937 2210 1103 2258 fuistis.
1137 2230 1162 2256 n
1199 2212 1298 2258 Hac
1331 2210 1565 2258 sententia
1601 2209 1652 2258 id
1688 2209 1791 2258 fieri

350 2288 576 2336 omnibus
593 2305 875 2355 persuasum
893 2299 979 2336 est.

701 2385 869 2419 Lxxlv.
887 2405 935 2412 -
950 2385 1133 2432 Equitum
1149 2385 1190 2407 *¹
1208 2384 1246 2418 in
1263 2382 1429 2418 Galliam.

416 2480 599 2524 Interea
638 2479 753 2525 Otto
793 2495 903 2526 cum
946 2479 1134 2543 triginta
1172 2477 1363 2526 milibus
1407 2478 1424 2502 ²
1472 2479 1690 2543 equitum
1742 2477 1792 2524 in

395 2611 415 2631 ⁴⁵
439 2608 492 2651 Ο,
513 2607 559 2643 ad
575 2608 713 2643 abscisa.

396 2664 439 2689 θ’
463 2665 493 2699 E
510 2664 599 2699 absc.

398 2721 408 2741 ¹
437 2720 462 2754 f.
481 2720 602 2755 animo
618 2720 738 2755 deleta.

396 2771 556 2820 ·ffi.
