1872 3372
350 248 429 288 208
829 243 1050 286 menam
1082 244 1181 286 Lm.
1214 245 1284 285 lv.

347 335 660 385 simulationis
683 334 845 383 colore
861 334 1119 383 obvelaret.
1139 333 1277 382 Unde
1293 349 1406 382 cum
1422 342 1563 382 nocte
1579 334 1787 400 quadam

350 416 475 464 inter
515 413 787 462 cenandum
817 412 976 461 hilaris
1017 412 1272 472 resideret,
1320 411 1520 460 Karolus
1558 421 1788 470 craterem

351 509 549 541 aureum
570 493 617 539 in
636 508 733 557 quo
755 508 928 557 panem
950 491 1199 557 infregerat
1218 492 1424 557 vinoque
1444 499 1789 557 temperaverat

350 581 539 630 tenens,
559 579 667 636 post
685 568 888 617 multum
907 570 1166 635 cogitatum
1183 569 1226 618 ei
1245 568 1416 617 obtulit
1438 587 1447 615 ε
1469 589 1493 614 «
1511 569 1751 628 Quoniam
1764 589 1787 613 n

351 651 571 715 inquiens
597 669 619 693 κ
639 665 697 696 ex
719 647 911 714 patrum
936 647 1136 696 decretis
1160 647 1341 713 palmas
1359 658 1406 696 et
1428 645 1622 695 frondes
1644 645 1792 695 hodie

354 749 377 772 «
409 726 756 786 sanctificastis,
785 736 927 791 atque
949 724 1139 791 plebem
1163 726 1174 750 ⁴
1207 725 1350 774 sacris
1381 722 1792 773 benedictionibus

356 828 378 851 «
408 806 743 866 consecrastis,
771 804 1006 870 nobisque
1037 803 1645 871 eukaristiam‘porrexistis
1661 839 1674 863 ,
1711 801 1794 851 ali·

355 906 378 930 «
408 900 617 950 quorum
646 899 960 932 susurronum
983 882 1243 931 calumnias
1274 883 1355 948 qui
1386 881 1522 930 vobis
1546 880 1794 930 fidendum

360 983 384 1007 «
413 972 591 1028 negant
643 961 942 1027 vilipendens
960 996 972 1020 ‚
1034 977 1146 1008 cum
1203 961 1345 1008 instet
1402 959 1505 1008 dies
1564 959 1796 1026 passionis

358 1062 381 1087 α
411 1041 609 1089 Domini
631 1050 679 1088 et
699 1039 944 1087 salvatoris
970 1038 1121 1085 nostri
1141 1039 1249 1085 Jesu
1281 1037 1477 1097 Christi,
1505 1036 1602 1085 hoc
1625 1052 1795 1090 vascu-

358 1144 380 1168 «
412 1124 512 1171 lum
548 1133 712 1171 vestrae
738 1122 955 1187 dignitati
989 1131 1181 1186 aptum,
1207 1137 1319 1168 cum
1343 1120 1458 1168 vino
1489 1129 1538 1168 et
1573 1136 1699 1187 pane
1721 1119 1794 1168 in-

358 1222 381 1247 «
412 1202 559 1250 stacte
578 1201 715 1248 vobis
734 1201 944 1266 porrigo.
971 1202 1075 1247 Hoc
1094 1199 1323 1265 poculum
1345 1199 1394 1246 in
1414 1199 1548 1264 signo
1564 1196 1797 1257 habenda

359 1300 381 1325 «
413 1290 461 1327 et
475 1278 717 1327 servandae
738 1277 849 1325 fidei
868 1277 1058 1325 ebibite.
1078 1278 1127 1324 Si
1141 1293 1257 1325 vero
1274 1276 1420 1324 fidem
1435 1291 1623 1325 servare
1634 1276 1796 1325 animo
1821 1337 1836 1347 ὁ

361 1378 384 1402 «
415 1374 515 1405 non
534 1366 647 1418 stat,
671 1356 848 1422 poculo
871 1357 1068 1422 parcite,
1092 1372 1155 1404 ne
1174 1354 1467 1403 horrendam
1484 1353 1617 1403 Judae
1634 1354 1797 1421 prodi·

361 1457 385 1482 «
415 1437 532 1484 toris
554 1436 763 1501 speciem
788 1435 1014 1483 referatis.
1040 1454 1063 1479 n
1086 1438 1196 1493 Quo
1226 1433 1576 1501 respondente:
1602 1435 1797 1482 «Crate—

360 1541 384 1565 «
414 1537 518 1568 rem
550 1520 797 1585 recipiam,
837 1529 883 1566 et
917 1528 1087 1584 potum
1124 1517 1271 1566 libere
1306 1515 1521 1566 ebibaml
1551 1536 1575 1563 »ι
1597 1517 1797 1567 Karolus

359 1614 472 1645 mox
491 1607 785 1664 prosecutus,
811 1596 1088 1645 addendum
1107 1596 1223 1644 dixit
1243 1615 1252 1643 :
1281 1617 1305 1642 «
1328 1606 1374 1645 et
1393 1596 1538 1645 fidem
1556 1594 1742 1645 faciam.
1772 1617 1795 1642 υ

358 1677 441 1724 Ille
461 1676 656 1724 ebibens
673 1686 952 1743 prosecutus
971 1686 1041 1723 est
1060 1694 1071 1722 :
1098 1696 1120 1720 «
1142 1685 1190 1723 et
1205 1674 1351 1723 fidem
1370 1674 1563 1736 faciam3
1587 1674 1798 1741 alioquin

362 1776 386 1800 «
417 1773 529 1803 cum
561 1755 683 1803 Juda
713 1752 964 1803 inteream!
999 1774 1022 1799 >›
1058 1756 1116 1801 Et
1144 1753 1295 1801 multa
1316 1753 1391 1801 his
1416 1753 1585 1801 similia
1601 1752 1798 1802 anathe-

361 1834 500 1881 matis
536 1833 681 1881 verba
719 1832 998 1880 cenantibus
1032 1831 1178 1880 dedit.
1223 1834 1327 1880 Nox
1360 1831 1505 1879 futuri
1545 1831 1700 1880 luctus
1752 1842 1801 1880 et

360 1911 646 1977 proditionis
675 1912 864 1959 conscia
894 1910 1113 1958 instabat.
1146 1911 1372 1969 Quietum
1397 1912 1465 1959 ire
1490 1911 1800 1959 constitutum

359 2000 432 2038 est
445 2027 457 2050 ,
481 1990 837 2054 dormitumque
856 1990 904 2036 in
923 2006 1080 2037 mane.
1092 1988 1338 2061 'Adalbero
1357 1990 1428 2037 sui
1444 1989 1544 2037 doli
1562 1989 1796 2048 conscius,

360 2063 710 2111 dormientibus
729 2062 904 2110 Karolo
926 2073 975 2110 et
996 2062 1214 2123 Arnhlfo,
1245 2063 1427 2127 gladios
1455 2073 1503 2110 et
1525 2078 1657 2110 arma
1678 2078 1706 2110 a
1725 2078 1802 2110 ca-

362 2142 538 2207 pitibus
574 2158 744 2190 corum
776 2143 979 2202 amovit,
1007 2141 1307 2206 latibulisque
1334 2140 1593 2189 mandavit.
1616 2141 1801 2188 Hostia-

362 2221 488 2267 rium
504 2219 647 2284 hujus
665 2220 762 2268 doli
781 2221 998 2285 ignarum
1014 2221 1290 2280 accersiens,
1311 2236 1503 2268 cursum
1519 2218 1797 2278 accelerare,

359 2309 410 2347 et
429 2299 672 2364 quendam
689 2316 887 2347 suorum
905 2300 1132 2347 accersire
1144 2299 1301 2364 jubet3
1329 2300 1504 2347 ostium
1523 2315 1625 2347 sese
1641 2313 1800 2346 serva·

361 2387 527 2425 turum
567 2378 755 2425 interim
792 2377 1038 2442 pollicens.
1078 2380 1187 2435 Quo
1222 2378 1455 2442 digresso,
1490 2375 1728 2424 Adalbero
1744 2377 1797 2424 ¹in

362 2457 468 2521 ipso
487 2456 608 2503 ostio
632 2473 733 2504 sese
751 2455 965 2503 medium
981 2455 1105 2516 fixit,
1133 2455 1343 2521 gladium
1363 2455 1452 2503 sub
1466 2465 1595 2504 veste
1612 2465 1794 2503 tenens.

362 2535 451 2582 Cui
477 2551 591 2582 mox
608 2535 679 2581 sui
703 2535 991 2594 assistentes,
1014 2544 1179 2600 utpote
1197 2534 1339 2598 hujus
1357 2533 1577 2581 facinoris
1598 2533 1796 2593 conscii,

362 2613 425 2662 ab
450 2613 747 2662 Adalberone
778 2630 946 2662 omnes
971 2614 1224 2662 intromissi
1258 2622 1383 2662 sunt.
1414 2612 1616 2661 Karolus
1635 2621 1684 2661 et
1715 2615 1798 2660 Ar·

415 2763 424 2780 ·
454 2764 626 2811 populum
645 2765 846 2810 superposito
864 2763 1016 2810 plebem.
