1890 3380
404 265 447 303 14
882 265 1098 307 lucum!
1132 268 1229 311 Lm.
1264 269 1339 309 111.

398 355 471 401 rit.
502 358 558 401 At
582 352 646 401 illi
673 354 903 402 mercedis
927 372 1103 404 nomen
1129 358 1335 406 edicunt.
1377 356 1456 404 llle
1482 371 1594 403 vero
1618 371 1678 406 ex
1700 372 1821 424 pro-

396 432 547 480 missis
585 432 919 496 jusjurandum
968 434 1173 500 postulat
1220 435 1456 502 capitque.
1512 436 1567 481 Et
1606 443 1821 501 tempore

393 525 631 575 congruo,
666 511 904 559 tirannum
935 527 1046 560 cum
1086 513 1234 562 multa
1272 512 1472 561 militum
1512 528 1656 561 manu
1698 511 1820 562 inu-n

393 587 625 656 oppidum
650 588 848 655 excipit,
887 606 943 637 ac
973 606 1073 638 sese
1108 592 1150 639 ei
1185 591 1510 651 committens,
1551 590 1695 639 fidem
1729 605 1821 659 pm

394 664 556 714 militia
598 666 944 715 accommodat.
1003 670 1205 716 Pervaso
1250 678 1408 717 autem
1449 666 1632 736 oppido
1650 704 1664 728 ‚
1707 667 1821 735 regii

392 744 562 792 milites
594 744 938 792 contumeliose
970 745 1226 812 pelluntur.
1274 750 1573 812 Deputantur
1603 762 1718 794 vero
1756 745 1819 794 ibi

394 821 562 870 milites
588 822 780 869 tiranni.

1068 904 1155 940 111.

457 974 635 1023 Perlata
684 984 794 1022 sunt
837 974 937 1022 liaec
982 974 1044 1023 ad
1085 992 1260 1041 regem.
1319 979 1414 1025 Rex
1454 993 1570 1026 vero
1609 979 1820 1028 anoni

386 1052 623 1101 avunculo
647 1052 826 1116 legatos
844 1051 1028 1117 dirigit,
1064 1056 1226 1122 copias
1250 1055 1312 1103 ab
1334 1072 1394 1103 eo
1419 1054 1680 1122 postulans.
1724 1058 1820 1105 Nec

387 1144 601 1181 moratur
626 1136 810 1192 Brun0,
844 1143 913 1193 et,
950 1151 1059 1183 cum
1088 1135 1279 1184 duobus
1309 1136 1500 1185 milibus
1525 1147 1817 1187 armatorum

384 1229 440 1259 ex
476 1210 688 1276 Belgica,
732 1222 903 1259 terram
940 1213 1112 1261 tiranni
1149 1225 1378 1279 occupat,
1422 1214 1687 1282 urbemque
1710 1216 1818 1264 Tre·

384 1289 593 1337 casinam
622 1279 1175 1338 obsidione'circumdat.
1215 1293 1309 1338 Rex
1344 1307 1458 1339 vero
1493 1304 1607 1340 cum
1637 1289 1832 1353 matre,

383 1376 548 1432 erepto
584 1376 738 1413 castro
775 1367 1033 1415 exercitum
1077 1369 1274 1416 inducit.
1322 1371 1443 1416 Cum
1481 1374 1596 1435 ergo
1637 1368 1816 1439 duplici

381 1440 587 1488 exercitu
619 1441 834 1488 tirannus
863 1451 1131 1505 urgeretur,
1168 1442 1319 1501 cedit,
1354 1452 1401 1490 et
1430 1441 1492 1491 ab
1518 1458 1628 1508 rege
1658 1441 1818 1493 indul-

381 1519 587 1582 gentiam
611 1520 743 1583 petit.
783 1521 1080 1584 Coactusque
1104 1520 1294 1568 obsides
1320 1530 1367 1567 et
1390 1531 1683 1570 sacramenta
1707 1522 1810 1583 dat3

380 1606 427 1644 et
457 1596 650 1662 insuper
679 1596 845 1662 oppidi
870 1597 1164 1663 proditorem
1196 1599 1349 1646 victus
1375 1598 1533 1647 tradit.
1573 1600 1668 1658 Qui
1700 1615 1810 1649 mox

378 1674 562 1741 prolata
585 1673 647 1721 ab
671 1691 780 1739 rege
804 1676 1058 1735 sententia,
1085 1686 1196 1725 ante
1219 1676 1385 1743 oppidi
1409 1686 1622 1743 portam,
1649 1693 1811 1728 coram

377 1762 510 1818 patre
534 1752 813 1802 decollatur.

1036 1844 1142 1878 xm.

441 1922 536 1967 Rex
566 1937 682 1968 vero
721 1920 903 1987 oppido
942 1921 1119 1986 potitus
1134 1957 1147 1982 ,
1185 1939 1296 1970 cum
1333 1933 1483 1972 matre
1521 1923 1807 1974 laudunum

372 1997 511 2045 redit.
548 2001 652 2046 Huc
681 2016 738 2047 ex
772 1999 968 2047 diversis
997 1999 1269 2065 regionibus
1293 2001 1354 2049 ad
1387 2018 1543 2067 regem
1567 2002 1807 2070 principes

371 2076 636 2124 confluunt.
685 2076 869 2125 Adsunt
903 2094 1097 2142 quoque
1130 2078 1264 2126 ducis
1300 2079 1512 2128 defuncti
1545 2079 1629 2129 filii
1669 2079 1800 2141 dun,

371 2154 508 2217 Hugo
540 2163 588 2201 et
619 2155 761 2214 Otto,
808 2155 892 2219 qui
926 2155 1068 2203 etiam
1105 2156 1203 2221 regi
1235 2156 1425 2206 fidelem
1462 2157 1678 2207 militiam
1716 2176 1804 2226 per

361 2230 695 2294 jusjurandum
731 2249 893 2280 coram
929 2233 1153 2281 omnibus
1181 2235 1437 2300 spondent.
1476 2238 1696 2294 Quorum
1719 2235 1801 2284 be-

365 2308 579 2372 nignitati
599 2326 679 2357 rex
704 2327 804 2358 non
830 2311 1061 2376 imparem
1080 2311 1407 2361 liberalitatem
1430 2312 1765 2363 demonstrans
1781 2349 1794 2372 ,

364 2386 613 2450 Hugonem
646 2404 736 2452 pro
769 2398 903 2453 patre
933 2388 1107 2437 ducem
1144 2389 1278 2450 facit,
1319 2401 1365 2439 et
1397 2392 1592 2458 insuper
1620 2401 1795 2440 terram

365 2463 660 2512 pictavorum
707 2466 808 2530 ejus
848 2468 1131 2534 principatui
1176 2469 1368 2533 adjicit3
1417 2472 1660 2519 ottonem*
1677 2484 1793 2518 vero

365 2542 634 2607 Burgundia
660 2543 824 2592 donat.
