1872 3372
374 254 455 293 252
866 252 1086 295 mentia!
1120 254 1220 295 [ΑΒ.
1253 255 1324 307 lV.

369 349 679 406 pertractans,
703 340 896 390 tandem
911 342 1076 391 maluit
1091 342 1315 408 gradibus
1327 344 1522 410 privari,
1544 360 1689 410 quam
1704 360 1811 394 ana—

370 418 578 467 themate
605 428 838 485 perpetuo
866 421 1031 468 teneri.
1061 423 1121 469 Et
1139 437 1274 481 mox,
1296 421 1633 489 episcoporum
1651 422 1805 487 jussu,

370 495 663 545 indumentis
676 496 1049 545 sacerdotalibus
1067 499 1278 547 vestitur.
1301 502 1417 558 Quae
1429 499 1612 566 singula
1628 499 1808 567 absque

369 574 463 622 ulla
479 575 780 623 miseratione
792 575 1114 638 detrahentes,
1133 579 1177 626 ei
1187 578 1357 643 singuli
1371 579 1595 628 dicebant
1608 615 1619 627 .
1633 598 1657 625 «
1668 582 1809 628 Cessa

372 675 395 698 u
426 653 489 701 ab
512 653 673 701 officio
708 664 808 702 tuo.
832 674 855 699 υ
883 656 1134 704 Laicorum
1159 673 1272 722 ergo
1298 667 1485 706 tantum
1508 657 1810 706 communio-

369 750 481 780 nem
507 734 551 780 ei
568 732 846 794 reddentes,
868 734 1005 781 illum
1018 735 1290 801 penitentjae
1307 736 1546 798 subdunt,
1574 747 1718 803 atque
1741 737 1808 785 sic

366 828 393 858 a
420 810 593 858 sinodo
626 810 768 859 soluti
803 822 929 859 sunt.
966 813 1014 859 Si
1045 813 1152 878 quis
1174 824 1334 862 autem
1366 814 1554 880 plenius
1576 814 1697 863 scire
1723 830 1807 862 vo—

367 889 532 947 luerit,
568 889 685 954 quid
715 891 917 955 quisque
951 907 1120 938 eorum
1153 891 1214 939 de
1242 892 1508 941 canonibus
1542 903 1590 942 et
1618 902 1810 960 patrum

367 959 569 1015 diecretis
596 968 646 1015 in
677 968 883 1016 concilio
903 969 1178 1034 protulerit,
1200 971 1317 1036 quid
1342 988 1537 1038 quoque
1562 972 1624 1020 ab
1647 972 1715 1020 eis
1743 971 1809 1020 ibi

367 1044 629 1094 sanccitum
642 1046 723 1104 sit,
743 1045 859 1110 quid
873 1046 1016 1093 etiam
1029 1063 1056 1094 a
1069 1047 1258 1112 regibus
1277 1058 1324 1096 et
1339 1049 1574 1116 episcopis
1593 1050 1810 1097 Romano

365 1122 581 1188 pontifici
594 1123 827 1172 directum
845 1161 857 1183 ‚
875 1124 1049 1189 quibus
1065 1143 1260 1191 quoque
1277 1143 1529 1175 causarum
1549 1126 1811 1175 rationibus

368 1201 548 1249 Arnulfi
573 1201 810 1250 abdicatio
841 1202 1065 1251 roborata
1091 1214 1187 1264 est,
1218 1204 1341 1270 legat
1365 1204 1542 1253 librum
1573 1204 1740 1254 domni
1765 1216 1813 1254 et

366 1279 754 1347 incomparabilis
763 1281 852 1328 viri
871 1281 1107 1342 Gerberti,
1123 1282 1265 1346 hujus
1276 1282 1456 1331 Arnulfi
1471 1283 1521 1333 in
1534 1283 1810 1351 episcopatu

367 1359 680 1419 successoris,
718 1360 800 1424 qui
832 1360 994 1407 omnia
1024 1360 1125 1408 haec
1159 1360 1341 1426 digesta
1374 1362 1651 1423 continens,
1691 1362 1811 1410 mira

365 1435 648 1502 eloquentiae
671 1438 898 1485 suavitate
915 1438 1131 1486 Tulliano
1148 1439 1341 1505 eloquio
1360 1450 1679 1506 comparatur.
1708 1439 1810 1489 oh-

359 1513 646 1577 jectionibus
663 1532 871 1580 namque
888 1526 936 1563 et
954 1517 1366 1583 responsionibus,
1388 1517 1811 1584 conquestionibus

367 1602 510 1658 atque
545 1594 867 1653 orationibus,
903 1595 1169 1655 invectivis,
1200 1595 1580 1662 conjecturisque
1609 1604 1658 1643 et
1685 1594 1809 1643 diffi-

367 1671 630 1720 nitionibus
672 1673 905 1738 repletuS,
954 1673 1326 1722 luculentissime
1365 1690 1422 1722 ac
1471 1671 1811 1723 rationabiliter

364 1751 618 1815 proponit,
664 1752 881 1811 assumit,
923 1762 1065 1817 atque
1106 1751 1365 1799 concludit.
1400 1752 1495 1811 Qui
1526 1766 1627 1799 non
1651 1750 1811 1799 solum

364 1827 658 1877 sinodalibus
675 1831 849 1888 causis,
873 1830 957 1878 sed
981 1840 1130 1877 status
1147 1829 1396 1878 rhetorioee
1410 1828 1810 1895 cognoscentibus

367 1906 597 1955 utillimus
621 1907 843 1956 habetur.
1725 1920 1729 1924 '

372 2048 541 2085 LXXIV.
555 2050 817 2097 —Conquestio
829 2050 850 2072 '⁸
862 2050 1000 2086 Odonis
1012 2052 1030 2074 ¹⁸¹
1049 2051 1146 2098 apud
1156 2052 1178 2074 ³
1188 2063 1270 2086 suos
1284 2050 1330 2086 de
1340 2051 1361 2072 ’¹
1371 2049 1541 2086 Miliduni
1549 2050 1572 2073 ³
1584 2049 1765 2098 ceptione
1774 2048 1811 2083 ''.

436 2163 619 2208 Interea
651 2161 761 2208 Odo
794 2178 955 2209 rerum
987 2179 1182 2210 suarum
1214 2171 1525 2227 augmentum
1558 2158 1802 2226 querebat.

370 2238 506 2286 Unde
530 2249 578 2286 et
594 2239 723 2305 apud
742 2257 854 2288 suos
870 2257 1079 2306 quorum
1096 2240 1243 2289 fidem
1261 2240 1578 2293 indubitatam
1601 2236 1804 2298 sciebat,

365 2327 574 2365 castrum
602 2318 911 2366 Meledunum
941 2320 991 2367 in
1017 2336 1158 2367 suum
1178 2320 1257 2384 jus
1282 2317 1550 2381 transfundi
1577 2316 1803 2384 parabat;

365 2396 455 2444 sibi
471 2397 691 2462 inquiens
711 2398 1033 2446 miserrimum
1052 2398 1177 2458 fore,
1197 2397 1331 2464 quod
1349 2398 1400 2445 in
1421 2399 1644 2463 Sequana
1658 2395 1808 2445 fluvio

366 2474 738 2522 transmittendis
757 2475 1036 2523 exercitibus
1054 2475 1213 2523 nullus
1237 2475 1327 2523 sibi
1345 2475 1570 2523 transitus
1598 2481 1809 2540 pateret;

366 2552 495 2600 unde
512 2561 560 2601 et
585 2552 635 2600 id
663 2554 825 2601 animo
851 2554 939 2602 sibi
973 2555 1190 2603 incidisse
1206 2591 1218 2615 ,
1247 2557 1471 2620 quatinus
1488 2552 1804 2612 Milidunum‚
1846 2549 1854 2555 ”

364 2630 499 2695 quod
522 2640 593 2680 est
610 2619 969 2681 circumfluente
987 2635 1208 2698 Sequana
1226 2634 1538 2693 tutissimum,
1560 2641 1608 2680 et
1625 2629 1808 2696 duplici

412 2769 432 2789 *¹
458 2768 533 2802 Con
550 2795 559 2811 ,
582 2768 718 2803 Orionis
736 2784 752 2804 a
766 2797 774 2811 ‚
796 2770 838 2804 de
855 2798 863 2812 ,
887 2784 943 2804 ere
962 2770 1087 2803 abscisa
