1872 3372
391 269 468 308 126
880 264 1102 305 mentun
1132 263 1233 307 ΜΒ.
1269 264 1346 304 111.

1064 408 1146 444 cn.

451 514 639 574 Quibus
675 514 903 581 peractis,
941 530 1023 562 rex
1049 512 1111 561 ad
1134 512 1304 562 urbem
1329 513 1585 574 tuendam,
1621 512 1837 580 reginam

388 596 607 642 Emmam
626 593 676 640 in
709 609 765 640 ea
791 592 998 657 reliquit.
1029 594 1136 658 lpse
1165 606 1278 640 cum
1301 592 1510 640 exercitu
1548 589 1837 640 Laudunum

385 671 527 720 rediit
542 708 556 732 ,
585 687 698 719 suos
722 671 866 719 etiam
891 669 954 718 ad
979 686 1065 718 sua
1090 669 1247 719 redire
1269 671 1511 737 permisit,
1539 678 1682 719 tante
1703 667 1839 718 beni·

386 750 607 799 volentiae
631 750 795 798 favore
822 749 951 817 apud
978 765 1062 796 eos
1087 764 1228 808 usus,
1268 758 1323 797 ut
1351 749 1556 816 repetito
1586 748 1757 797 itinere
1780 762 1838 795 se

385 829 584 878 ulterius
626 829 777 876 ituros
817 828 857 876 si
893 827 1086 893 juberet
1123 826 1491 894 pollicerentur3
1537 831 1601 876 et
1612 823 1840 895 neglecfis

385 924 478 974 pro
504 915 725 974 tempore
747 905 974 955 domibus
999 916 1047 954 et
1070 907 1216 966 natis,
1249 923 1362 954 cum
1393 904 1535 954 hoste
1564 903 1840 954 comminus

386 984 716 1035 dimicaturos.
741 984 994 1033 Lotharius
1014 986 1194 1034 interea
1209 984 1341 1052 apud
1370 1001 1484 1033 suos
1515 974 1834 1063 deliberabat,

385 1075 550 1113 utrum
577 1065 738 1131 potius
762 1064 886 1113 foret
914 1081 1017 1113 sese
1043 1063 1276 1113 ulterius
1264 1081 1357 1126 ire,
1392 1063 1634 1132 annisque
1658 1055 1707 1116 et
1729 1049 1840 1127 wri-

349 1188 355 1194 .
386 1144 476 1191 bus
501 1153 654 1191 totam
679 1142 916 1207 Belgicam
935 1142 1023 1190 sibi
1048 1143 1329 1208 subjugare,
1357 1160 1420 1191 an
1451 1140 1709 1191 residendo
1735 1141 1840 1190 Vir-

386 1225 535 1285 duni,
556 1242 643 1290 per
668 1225 874 1289 legatos,
902 1224 1076 1274 habitis
1095 1225 1426 1286 suasionibus,
1448 1241 1609 1273 mores
1625 1223 1839 1272 hostium

385 1303 449 1350 ad
467 1320 609 1350 suum
635 1304 852 1351 animum
872 1303 1146 1352 informare.
1173 1304 1221 1351 si
1249 1305 1380 1352 enim
1405 1320 1490 1351 eos
1518 1303 1646 1352 ferro
1678 1303 1839 1352 vince·

385 1391 484 1441 ret,
536 1398 649 1429 cum
680 1381 731 1428 id
777 1382 879 1429 sine
916 1381 1070 1430 multo
1104 1384 1335 1448 sanguine
1379 1381 1483 1431 fieri
1516 1397 1619 1430 non
1654 1391 1835 1448 posset,

385 1459 625 1524 cogitabat
650 1459 699 1506 in
720 1470 968 1525 posterum
987 1460 1146 1508 minus
1172 1461 1239 1509 eis
1263 1459 1588 1520 credendum,
1616 1476 1677 1509 eo
1705 1459 1840 1527 quod

385 1538 653 1586 amicorum
678 1537 837 1586 labem
863 1539 930 1586 eis
963 1538 1189 1587 intulerit.
1221 1540 1267 1586 Si
1300 1556 1416 1587 vero
1437 1556 1526 1606 per
1549 1533 1841 1589 benivolen-

386 1617 501 1665 tiam
520 1633 795 1665 reversuros
823 1627 1094 1683 expectaret
1110 1654 1122 1678 ,
1146 1617 1418 1666 cavendum
1442 1615 1671 1684 putabat,
1702 1633 1766 1668 ne
1789 1617 1838 1666 in

387 1705 521 1744 tanto
546 1696 647 1743 otio
664 1732 677 1756 ,
706 1695 870 1743 hostes
896 1695 1231 1745 insolentiores
1255 1695 1591 1745 redderentur.

733 1845 835 1880 CIII.
853 1866 901 1872 -
917 1846 1074 1881 Virduni
1090 1848 1110 1869 *¹
1136 1846 1303 1882 invasio·
1323 1859 1343 1881 a
1363 1846 1490 1894 Belgis.

452 1950 581 1995 Dum
616 1948 717 1995 haec
753 1949 904 1997 multa
936 1949 1290 1998 consultatione
1326 1949 1604 2010 ventilaret,
1643 1949 1839 2015 Belgicae

387 2025 486 2073 dux
527 2026 843 2086 Teodericus,
889 2044 1081 2076 necnon
1110 2039 1158 2076 et
1198 2029 1272 2076 vir
1308 2028 1486 2077 nobilis
1517 2044 1575 2080 ac
1615 2038 1839 2080 sumnus

386 2104 707 2165 GodefriduS,
762 2105 1021 2171 Sigefridus
1068 2123 1265 2172 quoque
1300 2108 1375 2154 vir
1414 2104 1631 2168 illustris,
1681 2106 1838 2156 Bardo

383 2184 528 2230 etiam
568 2193 615 2231 et
652 2184 822 2231 Gozilo
859 2184 1025 2232 fratres
1065 2184 1314 2233 clarissimi
1349 2172 1397 2234 et
1438 2186 1834 2247 nominatissimi,

384 2260 559 2327 aliique
593 2262 833 2328 principes
873 2263 1095 2310 nonnulli
1138 2263 1340 2312 latenter
1377 2274 1704 2334 pertemptant
1734 2264 1839 2314 vir-

386 2339 575 2388 dunum
602 2340 895 2407 irrumpere,
930 2358 1133 2407 eamque
1161 2359 1189 2390 a
1212 2341 1361 2390 Gallis
1391 2342 1404 2366 ⁴
1444 2343 1698 2393 evacuat-ei
1723 2346 1839 2403 Fac-

385 2419 541 2484 tisque
566 2419 771 2480 insidiis,
810 2421 1165 2486 negotiatorum
1199 2420 1460 2470 claustrum
1481 2458 1493 2480 ,
1522 2438 1665 2471 muro
1690 2421 1840 2494 instar

384 2503 552 2569 oppidi
571 2514 889 2563 exstructum,
925 2505 986 2552 ab
1011 2504 1131 2572 urbe
1158 2505 1356 2569 quidem
1375 2508 1509 2553 Mosa
1532 2491 1838 2555 interfluente

383 2581 681 2646 sejunctum,
734 2583 819 2630 sed
860 2583 1090 2650 pontibus
1134 2583 1327 2631 duobus
1362 2586 1641 2634 interstratis
1673 2585 1719 2633 ei
1754 2601 1839 2634 an-

428 2734 451 2756 *
475 2735 522 2777 V,
541 2735 576 2769 in
594 2735 734 2769 abscisa.

433 2792 446 2811 ⁸
473 2792 517 2825 ab
536 2791 694 2826 hostibus
710 2804 794 2824 corr.
816 2804 833 2825 a
851 2791 972 2825 Gallis.
