1872 3372
379 277 460 317 30⁴
859 274 1079 316 menam
1111 275 1209 316 Lm.
1244 275 1312 314 lv.

934 402 996 437 CV
1003 428 1010 436 .
1021 420 1069 429 -
1079 402 1257 449 Epilogus.

450 530 476 557 α
503 509 663 559 Redeo
694 508 755 557 ad
785 525 886 569 me,
917 509 1279 558 reverentissimi
1315 518 1468 575 patres
1484 545 1497 570 ,
1527 509 1606 559 cui
1633 511 1809 579 specia-

384 610 409 635 «
438 588 543 637 liter
575 589 639 635 ob
670 587 869 636 salutem
899 587 1140 653 pereuntis
1163 587 1328 654 populi
1364 589 1599 654 totiusque
1626 589 1695 638 rei
1722 606 1809 657 pu·

386 688 410 714 «
440 667 571 715 blicae
597 682 761 714 curam
793 682 921 713 mors
948 664 1201 713 furibunda
1230 682 1340 714 cum
1374 666 1595 715 omnibus
1622 667 1719 716 suis
1744 667 1813 716 in·

387 765 411 790 «
442 743 607 792 cubuit
625 743 789 810 copiis.
811 744 931 790 Hinc
949 742 1052 791 dira
1075 753 1255 808 egestas
1273 743 1468 793 horreas
1492 754 1540 793 et
1557 744 1812 811 apothecas

388 842 411 866 «
441 829 622 868 armata
657 836 802 867 manu
838 818 925 866 sibi
962 819 1195 880 vindicat,
1232 819 1359 868 illinc
1396 821 1509 869 foris
1552 820 1736 887 gladius
1766 831 1815 870 et

390 919 414 945 «
442 900 569 946 intus
593 914 761 964 pavor,
785 897 885 945 dies
915 914 970 944 ac
995 907 1158 946 noctes
1179 897 1491 948 reddiderunt
1511 899 1754 948 insomnes
1771 900 1808 947 ⁴.

391 998 414 1024 «
444 977 555 1037 Sola
581 987 735 1025 vestra
765 977 1044 1037 auctoritas,
1073 986 1126 1024 ut
1161 987 1402 1025 tantorum
1428 977 1664 1027 malorum
1692 977 1816 1027 leva-

391 1076 415 1102 «
444 1072 554 1103 men
592 1054 748 1114 fieret,
778 1065 1022 1120 expectata
1047 1064 1146 1115 est,
1176 1072 1281 1120 quae
1304 1065 1484 1103 tantam
1512 1056 1610 1104 vim
1641 1055 1817 1104 habere

394 1153 420 1180 «
446 1134 671 1194 creditur,
710 1144 763 1181 ut
796 1150 897 1180 non
933 1132 1090 1181 solum
1124 1134 1365 1194 Remensi,
1399 1133 1484 1182 sed
1515 1134 1657 1183 etiam
1684 1134 1818 1182 omni

393 1233 417 1259 «
447 1213 651 1261 ecclesiae
686 1212 932 1260 Gallorum
970 1211 1214 1272 desolatae,
1252 1222 1300 1260 et
1339 1228 1464 1277 pene
1509 1211 1572 1261 ad
1615 1210 1819 1261 nihilum

395 1312 419 1338 «
448 1291 649 1339 redactae
663 1326 676 1348 ,
700 1290 910 1338 subsidio
937 1307 1038 1339 esse
1065 1289 1238 1350 valeat3
1269 1289 1403 1354 quod
1435 1290 1687 1339 Divinitate
1709 1305 1820 1356 pro·

397 1389 420 1414 «
449 1370 563 1434 pitia
600 1379 927 1434 expectamus,
964 1379 1012 1416 et
1049 1378 1102 1416 ut
1133 1367 1240 1428 fiat,
1280 1384 1448 1416 omnes
1481 1369 1531 1416 in
1562 1381 1821 1416 commune

397 1467 421 1494 «
450 1464 659 1496 oramus,
691 1466 715 1491 »

1056 1560 1151 1596 CVI.

461 1666 618 1722 Quam
642 1664 925 1729 perlectam,
954 1664 1107 1729 legato
1134 1680 1267 1730 papae
1293 1680 1405 1712 mox
1437 1661 1687 1729 legendam
1714 1677 1825 1728 por-

398 1743 530 1790 rexit.
567 1745 699 1790 Tunc
735 1743 942 1808 episcopi
985 1759 1153 1790 omnes
1199 1759 1310 1791 cum
1354 1740 1614 1790 Godefrido
1650 1740 1825 1790 comite

397 1821 479 1885 qui
511 1821 577 1867 eis
607 1820 829 1868 intererat
859 1820 997 1867 simul
1032 1829 1297 1885 surgentes,
1325 1835 1583 1884 orsumque
1616 1817 1822 1876 seducti,

398 1898 514 1963 quid
545 1897 784 1962 agendum
816 1898 929 1945 inde
963 1908 1084 1945 esset
1114 1897 1452 1946 deliberabant.
1483 1899 1540 1945 Et
1570 1906 1680 1962 post
1711 1912 1827 1962 pau-

398 1976 550 2023 lulum
568 1977 723 2041 ipsum
742 1975 1028 2024 Gerbertum
1046 1977 1260 2024 invitant.
1284 1977 1371 2024 Cui
1394 1992 1506 2023 cum
1523 1985 1632 2041 post
1649 1974 1828 2040 aliquot

400 2070 642 2102 sermones
659 2070 687 2100 a
705 2053 888 2102 domno
907 2070 1029 2120 papa
1047 2071 1221 2120 corpus
1239 2064 1287 2102 et
1310 2055 1588 2119 sanguinem
1603 2053 1824 2111 Domini,

400 2148 456 2179 ac
479 2131 767 2179 sacerdotale
796 2131 1006 2179 officium
1033 2132 1122 2180 sub
1146 2133 1393 2198 praesentia
1417 2132 1559 2197 legati
1574 2130 1829 2198 prohibere

402 2213 602 2274 vellent,
626 2213 702 2261 ille
724 2231 835 2262 mox
865 2232 921 2262 ex
949 2215 1211 2263 canonibus
1237 2226 1282 2263 et
1305 2215 1508 2263 decretis
1534 2213 1830 2263 confidenter

402 2294 620 2352 astruxit,
649 2292 767 2339 nulli
801 2292 894 2340 hoc
928 2293 1300 2360 imponendum,
1322 2295 1411 2341 nisi
1437 2303 1520 2342 aut
1548 2309 1606 2341 ex
1631 2292 1829 2341 mimine

402 2372 644 2431 convicto,
683 2381 765 2418 aut
799 2382 905 2437 post
943 2373 1243 2419 vocationem
1278 2373 1440 2419 venire
1475 2371 1537 2419 ad
1573 2369 1828 2418 concilium

402 2449 477 2497 vel
500 2450 733 2497 rationem
754 2451 1126 2515 contempnenti.
1158 2451 1277 2497 Huic
1303 2466 1437 2516 penae
1469 2465 1568 2497 non
1601 2464 1703 2496 sese
1728 2463 1830 2496 esse

404 2527 692 2588 obnoxium,
729 2544 839 2575 cum
879 2529 979 2594 ipse
1013 2529 1153 2576 etiam
1189 2527 1457 2593 prohibitus
1488 2526 1758 2586 accesserit,
1784 2535 1831 2573 et

404 2624 515 2656 cum
543 2609 675 2656 nullo
699 2609 855 2657 adhuc
887 2610 1084 2657 crimine
1112 2610 1358 2657 convictus
1381 2610 1454 2656 sit.
1477 2608 1720 2673 Simulque
1735 2606 1830 2655 hoc

455 2774 467 2795 ⁸
493 2775 587 2811 illinc
602 2777 626 2810 f.
648 2790 681 2822 g.
701 2786 732 2811 et
750 2778 774 2811 i.
797 2791 832 2823 p.
855 2778 890 2812 ul.
911 2792 950 2811 ac
968 2791 1003 2812 n.
1026 2791 1057 2813 r.
1081 2779 1255 2813 insomnes
1271 2779 1387 2812 desum
1407 2782 1439 2813 iu
1457 2778 1532 2812 cod.
