1890 3380
363 284 415 324 5⁴
841 284 1072 349 RlCHERJ‘
1095 284 1195 326 LlB.
1229 284 1307 325 ΠΙ.

502 421 633 458 xmx.
652 441 699 449 —
713 423 785 466 Qui
806 422 934 457 labor·
960 422 991 457 ei
1009 423 1045 457 in
1064 421 1316 457 mathematicis
1331 421 1350 441 ⁹
1376 420 1553 468 impensus
1568 419 1612 456 sit
1625 419 1663 455 ⁶.

430 528 523 577 Sed
557 530 654 578 haec
672 529 734 577 de
760 529 928 594 logica.
960 532 1013 576 ln
1041 528 1242 577 mathesi
1272 544 1388 576 vero
1418 537 1628 593 quantus
1660 526 1811 577 sudor

364 623 601 674 expensus
619 608 695 666 sit,
720 623 819 656 non
833 608 1154 672 incongruum
1171 606 1331 655 dicere
1349 606 1554 655 videtur.
1576 605 1811 656 Arithme-

366 686 508 734 ticam
532 686 679 747 enim,
708 702 814 752 quae
831 695 902 734 est
920 685 1190 735 matheseos
1208 686 1380 753 prima,
1403 685 1622 754 inprimis
1645 685 1809 754 dispo·

365 765 465 813 sitis
489 764 888 813 accommodavit.
919 763 1037 812 lnde
1062 764 1204 813 etiam
1235 765 1486 825 musicam,
1515 762 1669 814 multo
1698 773 1811 815 ante

366 842 528 891 Galliis
562 843 792 907 ignotam,
834 843 1130 891 notissimam
1160 842 1329 892 effecit.
1369 842 1516 907 Cujus
1548 858 1725 910 genera
1762 842 1813 891 in

368 921 672 969 monocordo
702 921 982 987 disponens,
1011 937 1182 970 eorum
1207 921 1551 971 consonantias
1574 922 1676 971 sive
1698 921 1813 970 sim·

368 999 572 1066 phonias
590 1001 639 1047 in
666 1000 792 1047 tonis
808 1015 864 1047 ac
879 1001 1161 1062 semitoniis,
1183 1000 1361 1049 ditonis
1385 1017 1583 1067 quoque
1606 1017 1663 1050 ac
1679 999 1816 1051 diesi·

368 1078 458 1125 bus
474 1077 786 1143 distinguenS,
806 1088 1044 1145 tonosque
1070 1080 1118 1126 in
1136 1079 1265 1127 sonis
1289 1077 1635 1129 rationabiliter
1656 1077 1815 1127 distri-

368 1156 536 1217 buem,
559 1158 608 1205 in
628 1157 953 1224 plenissimam
972 1158 1190 1206 notitiam
1209 1157 1406 1223 redegit.

675 1303 716 1336 L.
736 1322 784 1329 —-
800 1303 917 1349 Sperae
929 1303 971 1325 *³*
997 1301 1117 1337 solidae
1131 1302 1170 1324 ¹*
1197 1301 1408 1349 compositio
1426 1300 1483 1334 ss,

438 1400 574 1447 Ratio
609 1417 725 1447 vero
756 1401 1059 1448 astronomiae
1091 1409 1273 1465 quanto
1301 1398 1480 1448 sudore
1510 1397 1818 1460 collecta-sit,

371 1478 532 1525 dicere
560 1478 726 1526 inutile
751 1495 852 1527 non
877 1489 965 1539 est,
989 1489 1041 1526 ut
1067 1489 1114 1526 et
1145 1479 1263 1526 tanti
1295 1478 1384 1526 viri
1402 1478 1630 1543 sagacitas
1652 1470 1822 1528 diver·

370 1566 514 1615 tatur,
543 1566 590 1604 et
620 1557 733 1604 artis
757 1556 967 1605 efficacia
993 1556 1144 1605 lector
1164 1556 1557 1605 commodissime
1581 1557 1813 1624 capiatur.

371 1637 489 1693 Quae
513 1651 624 1683 cum
650 1651 775 1701 pene
808 1634 1140 1683 intellectibilis
1169 1636 1245 1694 sit,
1274 1645 1435 1682 tamen
1469 1650 1571 1683 non
1602 1635 1714 1683 sine·
1732 1633 1819 1683 ad-

372 1713 625 1761 miratione
676 1713 965 1779 quibusdam
1015 1714 1342 1762 instrumentis
1383 1713 1446 1762 ad
1490 1713 1818 1780 cognitionem

371 1791 584 1839 adduxit.
625 1793 847 1858 Inprimis
882 1793 1011 1840 enim
1050 1792 1221 1840 mundi
1252 1808 1442 1858 speram
1478 1808 1536 1840 ex
1570 1788 1728 1841 solido
1760 1800 1819 1840 ac

371 1870 583 1918 rotundo
602 1869 733 1935 ligno
752 1880 1127 1936 argumentatus,
1149 1871 1351 1919 minoris
1369 1869 1698 1932 similitudine,
1719 1871 1820 1919 ma-

366 1948 525 2013 j0rem
558 1949 802 2016 expressit.
833 1951 991 2007 Quam
1017 1966 1128 1996 cum
1153 1948 1346 1996 duobus
1364 1948 1490 2016 polis
1519 1948 1568 1997 in
1601 1947 1821 1996 orizonte

373 2026 658 2092 obliquaret,
682 2029 816 2093 signa
847 2026 1251 2094 septemtrionalia
1275 2027 1392 2094 polo
1417 2025 1641 2077 erectiori
1662 2023 1813 2086 dedit,

370 2106 591 2155 australia
629 2123 746 2154 vero
787 2106 1031 2171 dejectiori
1070 2105 1305 2153 adhibuit.
1347 2104 1495 2169 Cujus
1523 2103 1817 2171 positionem

368 2201 428 2233 eo
454 2184 635 2233 circulo
650 2185 787 2246 rexit,
814 2185 898 2250 qui
922 2201 950 2232 a
967 2184 1141 2231 Graecis
1160 2184 1346 2243 orizon,
1367 2200 1396 2231 a
1412 2182 1592 2231 Latinis
1605 2180 1818 2230 limitans

368 2263 467 2312 sive
495 2263 820 2311 determinans
837 2262 1121 2329 appellatur,
1152 2279 1211 2310 eo
1236 2261 1370 2328 quod
1394 2262 1446 2309 in
1473 2277 1533 2310 eo
1551 2261 1685 2327 signa
1709 2276 1817 2327 quae

366 2341 591 2390 videntur
607 2341 669 2389 ab
696 2341 771 2389 his
788 2358 894 2406 quae
913 2358 1012 2389 non
1032 2341 1257 2389 videntur
1272 2341 1532 2406 distinguat
1549 2357 1606 2393 ac
1625 2340 1811 2388 limitet.

365 2422 471 2478 Qua
497 2421 545 2468 in
563 2421 779 2468 orizonte
806 2421 873 2467 sic
900 2419 1148 2480 collocata,
1172 2429 1225 2467 ut
1252 2429 1299 2467 et
1324 2428 1485 2466 ortum
1515 2427 1563 2467 et
1589 2432 1816 2467 occasum

362 2498 609 2564 signorum
633 2498 809 2546 utiliter
827 2515 883 2546 ac
914 2497 1226 2564 probabiliter
1248 2498 1617 2558 demonstraret,
1651 2512 1813 2545 renim

363 2583 554 2623 naturas
582 2575 823 2641 dispositis
858 2577 1131 2636 insinuavit,
1163 2577 1458 2642 instituitque
1483 2577 1533 2624 in
1563 2576 1811 2642 signorum

409 2739 429 2760 '
454 2739 521 2773 bor
535 2763 546 2781 ,
566 2737 673 2772 emati
689 2764 697 2780 ,
723 2738 749 2771 it
771 2737 858 2771 absc.

408 2795 450 2815 *¹¹
477 2807 511 2838 s,
534 2806 595 2837 so,
615 2806 720 2841 comp
737 2794 824 2827 absc.
