<?xml version="1.0" encoding="UTF-8"?>
<!DOCTYPE html PUBLIC "-//W3C//DTD XHTML 1.0 Transitional//EN"
    "http://www.w3.org/TR/xhtml1/DTD/xhtml1-transitional.dtd">
<html xmlns="http://www.w3.org/1999/xhtml" xml:lang="en" lang="en">
 <head>
  <title>
</title>
<meta http-equiv="Content-Type" content="text/html;charset=utf-8" />
  <meta name='ocr-system' content='tesseract 3.04.00' />
  <meta name='ocr-capabilities' content='ocr_page ocr_carea ocr_par ocr_line ocrx_word'/>
</head>
<body>
  <div class='ocr_page' id='page_1' title='image "./richerhistoirede02richuoft_0266.png"; bbox 0 0 1872 3372; ppageno 0'>
   <div class='ocr_carea' id='block_1_1' title="bbox 372 243 1313 287">
    <p class='ocr_par' dir='ltr' id='par_1_1' title="bbox 372 243 1313 287">
     <span class='ocr_line' id='line_1_1' title="bbox 372 243 1313 287; baseline -0.004 0"><span class='ocrx_word' id='word_1_1' title='bbox 372 248 451 287; x_wconf 77' lang='lat'>258</span> <span class='ocrx_word' id='word_1_2' title='bbox 856 243 1076 284; x_wconf 68' lang='lat' dir='ltr'>monem</span> <span class='ocrx_word' id='word_1_3' title='bbox 1108 244 1207 285; x_wconf 86' lang='lat' dir='ltr'>LlB.</span> <span class='ocrx_word' id='word_1_4' title='bbox 1242 244 1313 284; x_wconf 83' lang='lat' dir='ltr'>lv.</span> 
     </span>
    </p>
   </div>
   <div class='ocr_carea' id='block_1_2' title="bbox 351 332 1802 1342">
    <p class='ocr_par' dir='ltr' id='par_1_2' title="bbox 351 332 1802 1342">
     <span class='ocr_line' id='line_1_2' title="bbox 370 332 1792 401; baseline 0.002 -19"><span class='ocrx_word' id='word_1_5' title='bbox 370 335 419 382; x_wconf 89' lang='lat' dir='ltr'>in</span> <span class='ocrx_word' id='word_1_6' title='bbox 438 333 575 382; x_wconf 92' lang='lat' dir='ltr'>litore</span> <span class='ocrx_word' id='word_1_7' title='bbox 592 334 748 400; x_wconf 90' lang='lat' dir='ltr'>primo</span> <span class='ocrx_word' id='word_1_8' title='bbox 772 342 925 381; x_wconf 88' lang='lat' dir='ltr'>castra</span> <span class='ocrx_word' id='word_1_9' title='bbox 942 332 1229 401; x_wconf 75' lang='lat' dir='ltr'>disponun13</span> <span class='ocrx_word' id='word_1_10' title='bbox 1252 334 1300 380; x_wconf 90' lang='lat' dir='ltr'>in</span> <span class='ocrx_word' id='word_1_11' title='bbox 1325 332 1572 394; x_wconf 87' lang='lat' dir='ltr'>ulteriore,</span> <span class='ocrx_word' id='word_1_12' title='bbox 1588 336 1760 385; x_wconf 79' lang='lat' dir='ltr'>accitas</span> <span class='ocrx_word' id='word_1_13' title='bbox 1781 338 1792 363; x_wconf 74' lang='lat'><strong><em>⁴</em></strong></span> 
     </span>
     <span class='ocr_line' id='line_1_3' title="bbox 368 411 1802 480; baseline 0.001 -18"><span class='ocrx_word' id='word_1_14' title='bbox 368 414 626 480; x_wconf 74' lang='lat' dir='ltr'><strong>piratarum</strong></span> <span class='ocrx_word' id='word_1_15' title='bbox 665 412 787 460; x_wconf 91' lang='lat' dir='ltr'>acies</span> <span class='ocrx_word' id='word_1_16' title='bbox 822 411 1063 460; x_wconf 89' lang='lat' dir='ltr'>ordinant.</span> <span class='ocrx_word' id='word_1_17' title='bbox 1103 415 1182 472; x_wconf 87' lang='lat' dir='ltr'>Et,</span> <span class='ocrx_word' id='word_1_18' title='bbox 1219 429 1281 460; x_wconf 91' lang='lat' dir='ltr'>ne</span> <span class='ocrx_word' id='word_1_19' title='bbox 1313 429 1412 477; x_wconf 89' lang='lat' dir='ltr'>quo</span> <span class='ocrx_word' id='word_1_20' title='bbox 1444 412 1802 464; x_wconf 78' lang='lat' dir='ltr'>intercideretur</span> 
     </span>
     <span class='ocr_line' id='line_1_4' title="bbox 366 490 1801 556; baseline 0.001 -17"><span class='ocrx_word' id='word_1_21' title='bbox 366 492 578 550; x_wconf 89' lang='lat' dir='ltr'>obsidio,</span> <span class='ocrx_word' id='word_1_22' title='bbox 604 491 774 538; x_wconf 81' lang='lat' dir='ltr'><strong>classes</strong></span> <span class='ocrx_word' id='word_1_23' title='bbox 797 499 1001 538; x_wconf 85' lang='lat' dir='ltr'>armatas</span> <span class='ocrx_word' id='word_1_24' title='bbox 1029 491 1077 537; x_wconf 89' lang='lat' dir='ltr'>in</span> <span class='ocrx_word' id='word_1_25' title='bbox 1100 491 1248 538; x_wconf 80' lang='lat' dir='ltr'>fluvio</span> <span class='ocrx_word' id='word_1_26' title='bbox 1275 491 1645 556; x_wconf 78' lang='lat' dir='ltr'>circumquaque</span> <span class='ocrx_word' id='word_1_27' title='bbox 1666 490 1801 541; x_wconf 78' lang='lat' dir='ltr'>adhi-</span> 
     </span>
     <span class='ocr_line' id='line_1_5' title="bbox 365 568 1796 635; baseline -0.001 -16"><span class='ocrx_word' id='word_1_28' title='bbox 365 571 495 619; x_wconf 90' lang='lat' dir='ltr'>bent.</span> <span class='ocrx_word' id='word_1_29' title='bbox 533 574 695 635; x_wconf 87' lang='lat' dir='ltr'>ltaque</span> <span class='ocrx_word' id='word_1_30' title='bbox 720 569 895 617; x_wconf 83' lang='lat' dir='ltr'>factum</span> <span class='ocrx_word' id='word_1_31' title='bbox 922 568 1035 627; x_wconf 81' lang='lat' dir='ltr'>suit,</span> <span class='ocrx_word' id='word_1_32' title='bbox 1080 578 1132 616; x_wconf 93' lang='lat' dir='ltr'>ut</span> <span class='ocrx_word' id='word_1_33' title='bbox 1162 568 1338 617; x_wconf 85' lang='lat' dir='ltr'>fluviali</span> <span class='ocrx_word' id='word_1_34' title='bbox 1367 568 1616 635; x_wconf 78' lang='lat' dir='ltr'>superficie</span> <span class='ocrx_word' id='word_1_35' title='bbox 1644 570 1796 630; x_wconf 80' lang='lat' dir='ltr'>vecti,</span> 
     </span>
     <span class='ocr_line' id='line_1_6' title="bbox 362 646 1797 713; baseline -0.001 -15"><span class='ocrx_word' id='word_1_36' title='bbox 362 659 570 698; x_wconf 77' lang='lat' dir='ltr'>castrum</span> <span class='ocrx_word' id='word_1_37' title='bbox 601 646 755 695; x_wconf 89' lang='lat' dir='ltr'>navali</span> <span class='ocrx_word' id='word_1_38' title='bbox 779 663 940 713; x_wconf 87' lang='lat' dir='ltr'>pugna</span> <span class='ocrx_word' id='word_1_39' title='bbox 958 648 1127 694; x_wconf 85' lang='lat' dir='ltr'>acriter</span> <span class='ocrx_word' id='word_1_40' title='bbox 1147 657 1383 711; x_wconf 86' lang='lat' dir='ltr'>urgerent.</span> <span class='ocrx_word' id='word_1_41' title='bbox 1405 649 1676 696; x_wconf 85' lang='lat' dir='ltr'>Castrenses</span> <span class='ocrx_word' id='word_1_42' title='bbox 1698 664 1797 696; x_wconf 91' lang='lat' dir='ltr'>non</span> 
     </span>
     <span class='ocr_line' id='line_1_7' title="bbox 364 724 1792 792; baseline 0.001 -18"><span class='ocrx_word' id='word_1_43' title='bbox 364 728 566 792; x_wconf 89' lang='lat' dir='ltr'>impares</span> <span class='ocrx_word' id='word_1_44' title='bbox 582 724 955 792; x_wconf 87' lang='lat' dir='ltr'>inpugnantibus</span> <span class='ocrx_word' id='word_1_45' title='bbox 965 724 1264 786; x_wconf 81' lang='lat' dir='ltr'>obnituntur,</span> <span class='ocrx_word' id='word_1_46' title='bbox 1282 742 1372 791; x_wconf 88' lang='lat' dir='ltr'>pro</span> <span class='ocrx_word' id='word_1_47' title='bbox 1393 724 1572 773; x_wconf 88' lang='lat' dir='ltr'>viribus</span> <span class='ocrx_word' id='word_1_48' title='bbox 1589 735 1792 787; x_wconf 85' lang='lat' dir='ltr'>certant,</span> 
     </span>
     <span class='ocr_line' id='line_1_8' title="bbox 361 802 1797 868; baseline 0.001 -16"><span class='ocrx_word' id='word_1_49' title='bbox 361 805 639 853; x_wconf 86' lang='lat' dir='ltr'>adversariis</span> <span class='ocrx_word' id='word_1_50' title='bbox 666 803 799 851; x_wconf 91' lang='lat' dir='ltr'>nullo</span> <span class='ocrx_word' id='word_1_51' title='bbox 830 802 979 850; x_wconf 92' lang='lat' dir='ltr'>modo</span> <span class='ocrx_word' id='word_1_52' title='bbox 1006 802 1206 851; x_wconf 91' lang='lat' dir='ltr'>cedunt.</span> <span class='ocrx_word' id='word_1_53' title='bbox 1237 806 1453 868; x_wconf 85' lang='lat' dir='ltr'>Cumque</span> <span class='ocrx_word' id='word_1_54' title='bbox 1479 803 1656 852; x_wconf 86' lang='lat' dir='ltr'>diutius</span> <span class='ocrx_word' id='word_1_55' title='bbox 1685 805 1797 853; x_wconf 87' lang='lat' dir='ltr'>resi·</span> 
     </span>
     <span class='ocr_line' id='line_1_9' title="bbox 358 880 1794 948; baseline 0.001 -19"><span class='ocrx_word' id='word_1_56' title='bbox 358 892 559 942; x_wconf 87' lang='lat' dir='ltr'>stentes,</span> <span class='ocrx_word' id='word_1_57' title='bbox 587 882 858 930; x_wconf 91' lang='lat' dir='ltr'>comminus</span> <span class='ocrx_word' id='word_1_58' title='bbox 889 890 1179 946; x_wconf 83' lang='lat' dir='ltr'>pugnarent,</span> <span class='ocrx_word' id='word_1_59' title='bbox 1210 898 1300 928; x_wconf 91' lang='lat' dir='ltr'>nec</span> <span class='ocrx_word' id='word_1_60' title='bbox 1333 880 1580 941; x_wconf 83' lang='lat' dir='ltr'>cederent,</span> <span class='ocrx_word' id='word_1_61' title='bbox 1609 882 1794 948; x_wconf 83' lang='lat' dir='ltr'>postico</span> 
     </span>
     <span class='ocr_line' id='line_1_10' title="bbox 358 957 1793 1027; baseline 0 -19"><span class='ocrx_word' id='word_1_62' title='bbox 358 961 489 1027; x_wconf 87' lang='lat' dir='ltr'>quod</span> <span class='ocrx_word' id='word_1_63' title='bbox 518 960 711 1008; x_wconf 86' lang='lat' dir='ltr'>inferius</span> <span class='ocrx_word' id='word_1_64' title='bbox 735 959 909 1007; x_wconf 87' lang='lat' dir='ltr'>latebat</span> <span class='ocrx_word' id='word_1_65' title='bbox 934 957 1115 1006; x_wconf 87' lang='lat' dir='ltr'>viribus</span> <span class='ocrx_word' id='word_1_66' title='bbox 1138 958 1422 1006; x_wconf 64' lang='lat' dir='ltr'>caedentium</span> <span class='ocrx_word' id='word_1_67' title='bbox 1447 968 1611 1020; x_wconf 90' lang='lat' dir='ltr'>eruto,</span> <span class='ocrx_word' id='word_1_68' title='bbox 1632 959 1793 1026; x_wconf 83' lang='lat' dir='ltr'>piratae</span> 
     </span>
     <span class='ocr_line' id='line_1_11' title="bbox 357 1036 1793 1104; baseline -0.001 -17"><span class='ocrx_word' id='word_1_69' title='bbox 357 1039 546 1087; x_wconf 87' lang='lat' dir='ltr'>admissi</span> <span class='ocrx_word' id='word_1_70' title='bbox 566 1049 707 1096; x_wconf 88' lang='lat' dir='ltr'>sunt;</span> <span class='ocrx_word' id='word_1_71' title='bbox 730 1049 776 1086; x_wconf 89' lang='lat' dir='ltr'>et</span> <span class='ocrx_word' id='word_1_72' title='bbox 799 1055 827 1086; x_wconf 93' lang='lat' dir='ltr'>a</span> <span class='ocrx_word' id='word_1_73' title='bbox 844 1048 975 1102; x_wconf 86' lang='lat' dir='ltr'>tergo</span> <span class='ocrx_word' id='word_1_74' title='bbox 995 1037 1043 1084; x_wconf 89' lang='lat' dir='ltr'>in</span> <span class='ocrx_word' id='word_1_75' title='bbox 1069 1053 1209 1085; x_wconf 89' lang='lat' dir='ltr'>muro</span> <span class='ocrx_word' id='word_1_76' title='bbox 1232 1036 1553 1101; x_wconf 84' lang='lat' dir='ltr'>pugnantibus</span> <span class='ocrx_word' id='word_1_77' title='bbox 1571 1054 1793 1104; x_wconf 84' lang='lat' dir='ltr'>superve-</span> 
     </span>
     <span class='ocr_line' id='line_1_12' title="bbox 355 1115 1792 1182; baseline 0.001 -18"><span class='ocrx_word' id='word_1_78' title='bbox 355 1119 563 1178; x_wconf 89' lang='lat' dir='ltr'>nientes,</span> <span class='ocrx_word' id='word_1_79' title='bbox 586 1116 736 1164; x_wconf 91' lang='lat' dir='ltr'>multa</span> <span class='ocrx_word' id='word_1_80' title='bbox 760 1116 888 1164; x_wconf 84' lang='lat' dir='ltr'>caede</span> <span class='ocrx_word' id='word_1_81' title='bbox 915 1116 963 1163; x_wconf 90' lang='lat' dir='ltr'>in</span> <span class='ocrx_word' id='word_1_82' title='bbox 990 1116 1057 1163; x_wconf 91' lang='lat' dir='ltr'>eis</span> <span class='ocrx_word' id='word_1_83' title='bbox 1075 1115 1319 1163; x_wconf 87' lang='lat' dir='ltr'>debaccati</span> <span class='ocrx_word' id='word_1_84' title='bbox 1344 1125 1470 1163; x_wconf 88' lang='lat' dir='ltr'>sunt.</span> <span class='ocrx_word' id='word_1_85' title='bbox 1497 1116 1575 1163; x_wconf 89' lang='lat' dir='ltr'>Sic</span> <span class='ocrx_word' id='word_1_86' title='bbox 1598 1132 1792 1182; x_wconf 89' lang='lat' dir='ltr'>quoque</span> 
     </span>
     <span class='ocr_line' id='line_1_13' title="bbox 354 1193 1792 1260; baseline -0.001 -16"><span class='ocrx_word' id='word_1_87' title='bbox 354 1197 532 1244; x_wconf 87' lang='lat' dir='ltr'>factum</span> <span class='ocrx_word' id='word_1_88' title='bbox 559 1207 656 1256; x_wconf 91' lang='lat' dir='ltr'>est,</span> <span class='ocrx_word' id='word_1_89' title='bbox 684 1206 738 1244; x_wconf 90' lang='lat' dir='ltr'>ut</span> <span class='ocrx_word' id='word_1_90' title='bbox 770 1206 817 1243; x_wconf 91' lang='lat' dir='ltr'>et</span> <span class='ocrx_word' id='word_1_91' title='bbox 843 1194 1055 1260; x_wconf 88' lang='lat' dir='ltr'>reliquus</span> <span class='ocrx_word' id='word_1_92' title='bbox 1081 1194 1314 1242; x_wconf 84' lang='lat' dir='ltr'>exercitus</span> <span class='ocrx_word' id='word_1_93' title='bbox 1343 1195 1392 1241; x_wconf 91' lang='lat' dir='ltr'>in</span> <span class='ocrx_word' id='word_1_94' title='bbox 1414 1194 1432 1218; x_wconf 78' lang='lat'><strong>³</strong></span> <span class='ocrx_word' id='word_1_95' title='bbox 1468 1193 1607 1242; x_wconf 89' lang='lat' dir='ltr'>litore</span> <span class='ocrx_word' id='word_1_96' title='bbox 1634 1194 1792 1243; x_wconf 88' lang='lat' dir='ltr'>adhuc</span> 
     </span>
     <span class='ocr_line' id='line_1_14' title="bbox 351 1260 1790 1342; baseline -0.001 -19"><span class='ocrx_word' id='word_1_97' title='bbox 351 1277 630 1342; x_wconf 88' lang='lat' dir='ltr'>persistens,</span> <span class='ocrx_word' id='word_1_98' title='bbox 651 1273 878 1322; x_wconf 88' lang='lat' dir='ltr'>classibus</span> <span class='ocrx_word' id='word_1_99' title='bbox 896 1273 1115 1339; x_wconf 85' lang='lat' dir='ltr'>pedester</span> <span class='ocrx_word' id='word_1_100' title='bbox 1132 1273 1540 1334; x_wconf 80' lang='lat' dir='ltr'>intromitteretur,</span> <span class='ocrx_word' id='word_1_101' title='bbox 1561 1260 1790 1322; x_wconf 62' lang='lat' dir='ltr'>castrum·⁸</span> 
     </span>
    </p>
   </div>
   <div class='ocr_carea' id='block_1_3' title="bbox 352 1351 1065 1420">
    <p class='ocr_par' dir='ltr' id='par_1_3' title="bbox 352 1351 1065 1420">
     <span class='ocr_line' id='line_1_15' title="bbox 352 1351 1065 1420; baseline -0.006 -18"><span class='ocrx_word' id='word_1_102' title='bbox 352 1372 446 1419; x_wconf 91' lang='lat' dir='ltr'>que</span> <span class='ocrx_word' id='word_1_103' title='bbox 470 1354 746 1420; x_wconf 89' lang='lat' dir='ltr'>repentinus</span> <span class='ocrx_word' id='word_1_104' title='bbox 771 1351 1065 1418; x_wconf 89' lang='lat' dir='ltr'>pervaderet.</span> 
     </span>
    </p>
   </div>
   <div class='ocr_carea' id='block_1_4' title="bbox 556 1496 1575 1545">
    <p class='ocr_par' dir='ltr' id='par_1_4' title="bbox 556 1496 1575 1545">
     <span class='ocr_line' id='line_1_16' title="bbox 556 1496 1575 1545; baseline -0.003 -11"><span class='ocrx_word' id='word_1_105' title='bbox 556 1499 760 1534; x_wconf 84' lang='lat' dir='ltr'>Lxxvln.</span> <span class='ocrx_word' id='word_1_106' title='bbox 779 1518 819 1523; x_wconf 91' lang='lat'><strong>—</strong></span> <span class='ocrx_word' id='word_1_107' title='bbox 840 1498 1067 1533; x_wconf 71' lang='lat' dir='ltr'>Castrenses&#39;</span> <span class='ocrx_word' id='word_1_108' title='bbox 1086 1497 1181 1545; x_wconf 87' lang='lat' dir='ltr'>capti</span> <span class='ocrx_word' id='word_1_109' title='bbox 1198 1497 1348 1532; x_wconf 83' lang='lat' dir='ltr'>libertati</span> <span class='ocrx_word' id='word_1_110' title='bbox 1363 1496 1383 1518; x_wconf 78' lang='lat'>⁴⁸¹</span> <span class='ocrx_word' id='word_1_111' title='bbox 1401 1496 1575 1532; x_wconf 61' lang='grc' dir='ltr'>ἅψαιτ’.</span> 
     </span>
    </p>
   </div>
   <div class='ocr_carea' id='block_1_5' title="bbox 336 1587 1851 2597">
    <p class='ocr_par' dir='ltr' id='par_1_5' title="bbox 336 1587 1851 2597">
     <span class='ocr_line' id='line_1_17' title="bbox 417 1587 1789 1658; baseline -0.001 -18"><span class='ocrx_word' id='word_1_112' title='bbox 417 1595 454 1640; x_wconf 86' lang='grc' dir='ltr'>Α</span> <span class='ocrx_word' id='word_1_113' title='bbox 477 1593 651 1658; x_wconf 91' lang='lat' dir='ltr'>quibus</span> <span class='ocrx_word' id='word_1_114' title='bbox 677 1602 939 1639; x_wconf 89' lang='lat' dir='ltr'>castrenses</span> <span class='ocrx_word' id='word_1_115' title='bbox 968 1591 1094 1657; x_wconf 90' lang='lat' dir='ltr'>capti</span> <span class='ocrx_word' id='word_1_116' title='bbox 1121 1601 1169 1638; x_wconf 90' lang='lat' dir='ltr'>et</span> <span class='ocrx_word' id='word_1_117' title='bbox 1195 1590 1329 1650; x_wconf 89' lang='lat' dir='ltr'>victi,</span> <span class='ocrx_word' id='word_1_118' title='bbox 1367 1606 1482 1637; x_wconf 88' lang='lat' dir='ltr'>mox</span> <span class='ocrx_word' id='word_1_119' title='bbox 1514 1589 1611 1655; x_wconf 86' lang='lat' dir='ltr'>regi</span> <span class='ocrx_word' id='word_1_120' title='bbox 1642 1587 1789 1638; x_wconf 86' lang='lat' dir='ltr'>oblati</span> 
     </span>
     <span class='ocr_line' id='line_1_18' title="bbox 350 1666 1783 1736; baseline -0.003 -17"><span class='ocrx_word' id='word_1_121' title='bbox 350 1682 474 1719; x_wconf 89' lang='lat' dir='ltr'>sunt.</span> <span class='ocrx_word' id='word_1_122' title='bbox 500 1675 591 1718; x_wconf 89' lang='lat' dir='ltr'>Pro</span> <span class='ocrx_word' id='word_1_123' title='bbox 608 1670 780 1736; x_wconf 90' lang='lat' dir='ltr'>quibus</span> <span class='ocrx_word' id='word_1_124' title='bbox 798 1686 961 1717; x_wconf 88' lang='lat' dir='ltr'>coram</span> <span class='ocrx_word' id='word_1_125' title='bbox 980 1686 1089 1734; x_wconf 85' lang='lat' dir='ltr'>rege</span> <span class='ocrx_word' id='word_1_126' title='bbox 1108 1668 1170 1717; x_wconf 87' lang='lat' dir='ltr'>ab</span> <span class='ocrx_word' id='word_1_127' title='bbox 1187 1669 1349 1717; x_wconf 90' lang='lat' dir='ltr'>amicis</span> <span class='ocrx_word' id='word_1_128' title='bbox 1366 1669 1583 1717; x_wconf 87' lang='lat' dir='ltr'>oratione</span> <span class='ocrx_word' id='word_1_129' title='bbox 1598 1666 1783 1728; x_wconf 85' lang='lat' dir='ltr'>habita,</span> 
     </span>
     <span class='ocr_line' id='line_1_19' title="bbox 350 1746 1787 1814; baseline -0.002 -17"><span class='ocrx_word' id='word_1_130' title='bbox 350 1750 470 1797; x_wconf 84' lang='lat' dir='ltr'>facta</span> <span class='ocrx_word' id='word_1_131' title='bbox 485 1750 583 1814; x_wconf 87' lang='lat' dir='ltr'>regi</span> <span class='ocrx_word' id='word_1_132' title='bbox 603 1748 715 1808; x_wconf 84' lang='lat' dir='ltr'>fide,</span> <span class='ocrx_word' id='word_1_133' title='bbox 738 1748 917 1795; x_wconf 88' lang='lat' dir='ltr'>dimissi</span> <span class='ocrx_word' id='word_1_134' title='bbox 934 1757 1060 1807; x_wconf 88' lang='lat' dir='ltr'>sunt,</span> <span class='ocrx_word' id='word_1_135' title='bbox 1083 1764 1194 1795; x_wconf 92' lang='lat' dir='ltr'>cum</span> <span class='ocrx_word' id='word_1_136' title='bbox 1213 1764 1313 1795; x_wconf 91' lang='lat' dir='ltr'>non</span> <span class='ocrx_word' id='word_1_137' title='bbox 1330 1756 1516 1795; x_wconf 90' lang='lat' dir='ltr'>tantum</span> <span class='ocrx_word' id='word_1_138' title='bbox 1531 1747 1599 1795; x_wconf 90' lang='lat' dir='ltr'>rei</span> <span class='ocrx_word' id='word_1_139' title='bbox 1619 1746 1787 1811; x_wconf 88' lang='lat' dir='ltr'>majes—</span> 
     </span>
     <span class='ocr_line' id='line_1_20' title="bbox 350 1823 1781 1892; baseline -0.002 -17"><span class='ocrx_word' id='word_1_140' title='bbox 350 1828 456 1875; x_wconf 87' lang='lat' dir='ltr'>tatis</span> <span class='ocrx_word' id='word_1_141' title='bbox 471 1828 606 1892; x_wconf 81' lang='lat' dir='ltr'>regiae</span> <span class='ocrx_word' id='word_1_142' title='bbox 620 1863 632 1887; x_wconf 90' lang='lat'>,</span> <span class='ocrx_word' id='word_1_143' title='bbox 651 1836 885 1891; x_wconf 90' lang='lat' dir='ltr'>quantum</span> <span class='ocrx_word' id='word_1_144' title='bbox 910 1826 982 1872; x_wconf 93' lang='lat' dir='ltr'>sui</span> <span class='ocrx_word' id='word_1_145' title='bbox 1004 1825 1191 1872; x_wconf 91' lang='lat' dir='ltr'>domini</span> <span class='ocrx_word' id='word_1_146' title='bbox 1207 1823 1369 1873; x_wconf 82' lang='lat' dir='ltr'>fideles</span> <span class='ocrx_word' id='word_1_147' title='bbox 1392 1823 1584 1872; x_wconf 88' lang='lat' dir='ltr'>dicendi</span> <span class='ocrx_word' id='word_1_148' title='bbox 1602 1833 1781 1885; x_wconf 87' lang='lat' dir='ltr'>essent;</span> 
     </span>
     <span class='ocr_line' id='line_1_21' title="bbox 350 1901 1786 1970; baseline -0.003 -16"><span class='ocrx_word' id='word_1_149' title='bbox 350 1906 412 1954; x_wconf 87' lang='lat' dir='ltr'>ad</span> <span class='ocrx_word' id='word_1_150' title='bbox 442 1905 492 1953; x_wconf 94' lang='lat' dir='ltr'>id</span> <span class='ocrx_word' id='word_1_151' title='bbox 522 1907 665 1954; x_wconf 88' lang='lat' dir='ltr'>etiam</span> <span class='ocrx_word' id='word_1_152' title='bbox 692 1922 790 1953; x_wconf 91' lang='lat' dir='ltr'>non</span> <span class='ocrx_word' id='word_1_153' title='bbox 817 1903 1026 1970; x_wconf 84' lang='lat' dir='ltr'>perfidiae</span> <span class='ocrx_word' id='word_1_154' title='bbox 1050 1904 1192 1965; x_wconf 83' lang='lat' dir='ltr'>vitio,</span> <span class='ocrx_word' id='word_1_155' title='bbox 1221 1902 1306 1951; x_wconf 91' lang='lat' dir='ltr'>sed</span> <span class='ocrx_word' id='word_1_156' title='bbox 1331 1902 1482 1951; x_wconf 81' lang='lat' dir='ltr'>multa</span> <span class='ocrx_word' id='word_1_157' title='bbox 1503 1902 1677 1950; x_wconf 87' lang='lat' dir='ltr'>virtute</span> <span class='ocrx_word' id='word_1_158' title='bbox 1702 1901 1786 1950; x_wconf 89' lang='lat' dir='ltr'>ad-</span> 
     </span>
     <span class='ocr_line' id='line_1_22' title="bbox 350 1978 1785 2046; baseline -0.003 -15"><span class='ocrx_word' id='word_1_159' title='bbox 350 1983 520 2031; x_wconf 89' lang='lat' dir='ltr'>ductos</span> <span class='ocrx_word' id='word_1_160' title='bbox 549 1982 833 2031; x_wconf 89' lang='lat' dir='ltr'>asserebant.</span> <span class='ocrx_word' id='word_1_161' title='bbox 862 1982 943 2029; x_wconf 87' lang='lat' dir='ltr'>His</span> <span class='ocrx_word' id='word_1_162' title='bbox 967 1998 1080 2046; x_wconf 90' lang='lat' dir='ltr'>ergo</span> <span class='ocrx_word' id='word_1_163' title='bbox 1099 1980 1322 2029; x_wconf 90' lang='lat' dir='ltr'>obsidum</span> <span class='ocrx_word' id='word_1_164' title='bbox 1341 1980 1448 2045; x_wconf 89' lang='lat' dir='ltr'>jure</span> <span class='ocrx_word' id='word_1_165' title='bbox 1472 1978 1703 2040; x_wconf 80' lang='lat' dir='ltr'>dimissis,</span> <span class='ocrx_word' id='word_1_166' title='bbox 1736 1988 1785 2028; x_wconf 85' lang='lat' dir='ltr'>et</span> 
     </span>
     <span class='ocr_line' id='line_1_23' title="bbox 349 2056 1784 2127; baseline -0.003 -18"><span class='ocrx_word' id='word_1_167' title='bbox 349 2073 504 2109; x_wconf 89' lang='lat' dir='ltr'>castro</span> <span class='ocrx_word' id='word_1_168' title='bbox 524 2062 722 2109; x_wconf 90' lang='lat' dir='ltr'>domino</span> <span class='ocrx_word' id='word_1_169' title='bbox 742 2061 891 2127; x_wconf 92' lang='lat' dir='ltr'>priori</span> <span class='ocrx_word' id='word_1_170' title='bbox 915 2060 1127 2119; x_wconf 87' lang='lat' dir='ltr'>reddito,</span> <span class='ocrx_word' id='word_1_171' title='bbox 1154 2059 1373 2126; x_wconf 88' lang='lat' dir='ltr'>proditor</span> <span class='ocrx_word' id='word_1_172' title='bbox 1398 2058 1533 2123; x_wconf 91' lang='lat' dir='ltr'>cujus</span> <span class='ocrx_word' id='word_1_173' title='bbox 1559 2056 1675 2105; x_wconf 92' lang='lat' dir='ltr'>dolo</span> <span class='ocrx_word' id='word_1_174' title='bbox 1698 2056 1784 2106; x_wconf 90' lang='lat' dir='ltr'>hu·</span> 
     </span>
     <span class='ocr_line' id='line_1_24' title="bbox 343 2134 1778 2204; baseline -0.003 -16"><span class='ocrx_word' id='word_1_175' title='bbox 343 2140 555 2204; x_wconf 89' lang='lat' dir='ltr'>jusmodi</span> <span class='ocrx_word' id='word_1_176' title='bbox 601 2140 915 2187; x_wconf 87' lang='lat' dir='ltr'>infortunium</span> <span class='ocrx_word' id='word_1_177' title='bbox 959 2139 1179 2199; x_wconf 90' lang='lat' dir='ltr'>accessit,</span> <span class='ocrx_word' id='word_1_178' title='bbox 1224 2153 1337 2185; x_wconf 84' lang='lat' dir='ltr'>mox</span> <span class='ocrx_word' id='word_1_179' title='bbox 1372 2134 1748 2202; x_wconf 87' lang='lat' dir='ltr'>comprehensus</span> <span class='ocrx_word' id='word_1_180' title='bbox 1764 2171 1778 2195; x_wconf 95' lang='lat'>,</span> 
     </span>
     <span class='ocr_line' id='line_1_25' title="bbox 346 2213 1782 2286; baseline -0.004 -19"><span class='ocrx_word' id='word_1_181' title='bbox 346 2219 606 2286; x_wconf 88' lang='lat' dir='ltr'>suspendio</span> <span class='ocrx_word' id='word_1_182' title='bbox 632 2235 767 2267; x_wconf 90' lang='lat' dir='ltr'>secus</span> <span class='ocrx_word' id='word_1_183' title='bbox 787 2218 926 2266; x_wconf 89' lang='lat' dir='ltr'>castri</span> <span class='ocrx_word' id='word_1_184' title='bbox 949 2227 1139 2283; x_wconf 84' lang='lat' dir='ltr'>portam</span> <span class='ocrx_word' id='word_1_185' title='bbox 1163 2216 1348 2264; x_wconf 87' lang='lat' dir='ltr'>defecit.</span> <span class='ocrx_word' id='word_1_186' title='bbox 1372 2218 1469 2263; x_wconf 89' lang='lat' dir='ltr'>Nec</span> <span class='ocrx_word' id='word_1_187' title='bbox 1494 2214 1652 2262; x_wconf 82' lang='lat' dir='ltr'>minus</span> <span class='ocrx_word' id='word_1_188' title='bbox 1679 2213 1782 2278; x_wconf 74' lang='lat' dir='ltr'>ejtus</span> 
     </span>
     <span class='ocr_line' id='line_1_26' title="bbox 346 2293 1779 2360; baseline -0.005 -15"><span class='ocrx_word' id='word_1_189' title='bbox 346 2314 483 2358; x_wconf 88' lang='lat' dir='ltr'>uxor,</span> <span class='ocrx_word' id='word_1_190' title='bbox 510 2297 735 2345; x_wconf 88' lang='lat' dir='ltr'>inusitato</span> <span class='ocrx_word' id='word_1_191' title='bbox 763 2295 955 2343; x_wconf 90' lang='lat' dir='ltr'>ludibrii</span> <span class='ocrx_word' id='word_1_192' title='bbox 981 2311 1153 2360; x_wconf 87' lang='lat' dir='ltr'>genere</span> <span class='ocrx_word' id='word_1_193' title='bbox 1167 2293 1369 2360; x_wconf 91' lang='lat' dir='ltr'>pedibus</span> <span class='ocrx_word' id='word_1_194' title='bbox 1391 2307 1640 2358; x_wconf 86' lang='lat' dir='ltr'>suspensa,</span> <span class='ocrx_word' id='word_1_195' title='bbox 1665 2307 1779 2339; x_wconf 83' lang='lat' dir='ltr'>exu-</span> 
     </span>
     <span class='ocr_line' id='line_1_27' title="bbox 343 2368 1780 2439; baseline -0.003 -16"><span class='ocrx_word' id='word_1_196' title='bbox 343 2377 431 2423; x_wconf 88' lang='lat' dir='ltr'>viis</span> <span class='ocrx_word' id='word_1_197' title='bbox 471 2376 843 2439; x_wconf 90' lang='lat' dir='ltr'>circumquaque</span> <span class='ocrx_word' id='word_1_198' title='bbox 877 2372 1196 2421; x_wconf 89' lang='lat' dir='ltr'>defluentibus</span> <span class='ocrx_word' id='word_1_199' title='bbox 1233 2371 1439 2431; x_wconf 88' lang='lat' dir='ltr'>nudata,</span> <span class='ocrx_word' id='word_1_200' title='bbox 1478 2369 1631 2418; x_wconf 88' lang='lat' dir='ltr'>atroci</span> <span class='ocrx_word' id='word_1_201' title='bbox 1683 2368 1780 2418; x_wconf 83' lang='lat' dir='ltr'>fine</span> 
     </span>
     <span class='ocr_line' id='line_1_28' title="bbox 336 2447 1851 2519; baseline -0.005 -17"><span class='ocrx_word' id='word_1_202' title='bbox 336 2455 472 2519; x_wconf 86' lang='lat' dir='ltr'>juxta</span> <span class='ocrx_word' id='word_1_203' title='bbox 495 2454 651 2502; x_wconf 88' lang='lat' dir='ltr'>virum</span> <span class='ocrx_word' id='word_1_204' title='bbox 691 2452 880 2500; x_wconf 91' lang='lat' dir='ltr'>interiit.</span> <span class='ocrx_word' id='word_1_205' title='bbox 917 2454 1039 2499; x_wconf 91' lang='lat' dir='ltr'>Cum</span> <span class='ocrx_word' id='word_1_206' title='bbox 1074 2450 1176 2499; x_wconf 86' lang='lat' dir='ltr'>haec</span> <span class='ocrx_word' id='word_1_207' title='bbox 1209 2449 1493 2516; x_wconf 86' lang='lat' dir='ltr'>agebantur,</span> <span class='ocrx_word' id='word_1_208' title='bbox 1528 2447 1639 2496; x_wconf 90' lang='lat' dir='ltr'>Odo</span> <span class='ocrx_word' id='word_1_209' title='bbox 1667 2464 1779 2496; x_wconf 88' lang='lat' dir='ltr'>cum</span> <span class='ocrx_word' id='word_1_210' title='bbox 1849 2491 1851 2494; x_wconf 88' lang='lat'><em>.</em></span> 
     </span>
     <span class='ocr_line' id='line_1_29' title="bbox 342 2525 1779 2597; baseline -0.004 -17"><span class='ocrx_word' id='word_1_211' title='bbox 342 2532 550 2580; x_wconf 84' lang='lat' dir='ltr'>exercitu</span> <span class='ocrx_word' id='word_1_212' title='bbox 571 2530 704 2579; x_wconf 88' lang='lat' dir='ltr'>haud</span> <span class='ocrx_word' id='word_1_213' title='bbox 720 2529 890 2597; x_wconf 87' lang='lat' dir='ltr'>procul</span> <span class='ocrx_word' id='word_1_214' title='bbox 910 2530 980 2578; x_wconf 84' lang='lat' dir='ltr'>rei</span> <span class='ocrx_word' id='word_1_215' title='bbox 999 2538 1225 2578; x_wconf 79' lang='lat' dir='ltr'>eventum</span> <span class='ocrx_word' id='word_1_216' title='bbox 1250 2525 1613 2594; x_wconf 86' lang='lat' dir='ltr'>opperiebatur,</span> <span class='ocrx_word' id='word_1_217' title='bbox 1649 2534 1779 2574; x_wconf 74' lang='lat' dir='ltr'>ratus</span> 
     </span>
    </p>
   </div>
   <div class='ocr_carea' id='block_1_6' title="bbox 385 2665 1363 2828">
    <p class='ocr_par' dir='ltr' id='par_1_6' title="bbox 385 2665 1363 2828">
     <span class='ocr_line' id='line_1_30' title="bbox 386 2665 1023 2712; baseline -0.009 -7"><span class='ocrx_word' id='word_1_218' title='bbox 386 2670 407 2692; x_wconf 72' lang='lat'>⁴⁹</span> <span class='ocrx_word' id='word_1_219' title='bbox 431 2681 547 2712; x_wconf 80' lang='lat' dir='ltr'>enses,</span> <span class='ocrx_word' id='word_1_220' title='bbox 566 2668 578 2703; x_wconf 90' lang='lat' dir='ltr'>i</span> <span class='ocrx_word' id='word_1_221' title='bbox 594 2666 766 2710; x_wconf 79' lang='lat' dir='ltr'>libertati,</span> <span class='ocrx_word' id='word_1_222' title='bbox 783 2675 868 2703; x_wconf 81' lang='lat' dir='ltr'>ntur</span> <span class='ocrx_word' id='word_1_223' title='bbox 883 2665 1023 2701; x_wconf 69' lang='lat' dir='ltr'>abscisa.</span> 
     </span>
     <span class='ocr_line' id='line_1_31' title="bbox 387 2719 1363 2770; baseline -0.008 -9"><span class='ocrx_word' id='word_1_224' title='bbox 387 2727 398 2745; x_wconf 82' lang='lat'>&#39;</span> <span class='ocrx_word' id='word_1_225' title='bbox 428 2725 547 2761; x_wconf 69' lang='lat' dir='ltr'>accito</span> <span class='ocrx_word' id='word_1_226' title='bbox 562 2737 645 2759; x_wconf 86' lang='lat' dir='ltr'>corr.</span> <span class='ocrx_word' id='word_1_227' title='bbox 663 2723 773 2759; x_wconf 80' lang='lat' dir='ltr'>accita</span> <span class='ocrx_word' id='word_1_228' title='bbox 788 2722 908 2764; x_wconf 69' lang='lat' dir='ltr'>codex,</span> <span class='ocrx_word' id='word_1_229' title='bbox 931 2721 1022 2770; x_wconf 80' lang='lat' dir='ltr'>quod</span> <span class='ocrx_word' id='word_1_230' title='bbox 1034 2719 1260 2765; x_wconf 69' lang='lat' dir='ltr'>corrigendum</span> <span class='ocrx_word' id='word_1_231' title='bbox 1281 2728 1363 2754; x_wconf 78' lang='lat' dir='ltr'>eme.</span> 
     </span>
     <span class='ocr_line' id='line_1_32' title="bbox 385 2779 767 2828; baseline -0.018 -10"><span class='ocrx_word' id='word_1_232' title='bbox 385 2785 399 2803; x_wconf 81' lang='lat'><strong>¹</strong></span> <span class='ocrx_word' id='word_1_233' title='bbox 425 2782 461 2817; x_wconf 80' lang='lat' dir='ltr'>in</span> <span class='ocrx_word' id='word_1_234' title='bbox 481 2780 598 2828; x_wconf 78' lang='lat' dir='ltr'>primo</span> <span class='ocrx_word' id='word_1_235' title='bbox 616 2779 767 2814; x_wconf 74' lang='lat' dir='ltr'>deletum.</span> 
     </span>
    </p>
   </div>
  </div>
 </body>
</html>
