1872 3372
357 282 437 320 ‘218
835 279 1055 320 mentem
1089 280 1188 321 LlB.
1225 281 1296 320 lv.

356 366 727 435 contemplarer,
752 368 891 415 novis
916 369 1089 417 iterum
1108 369 1379 417 infortuniis
1395 369 1620 435 angebar.
1640 373 1802 421 Tantis

352 448 484 495 enim
498 456 546 495 et
570 456 641 494 tot
657 445 864 496 hiatibus
890 446 1110 513 patebat,
1144 457 1198 496 ut
1227 449 1305 496 vix
1335 449 1511 496 civium
1546 450 1799 499 necessarii

355 527 434 575 die
459 527 629 576 eadem
654 544 741 592 per
758 543 871 574 eum
898 527 1186 575 transierint.
1209 529 1498 576 Carnotinus
1527 529 1728 596 inpiger,
1749 540 1799 579 et

350 605 400 653 in
434 604 708 671 peragendo
748 604 917 652 itinere
953 605 1063 653 satis
1105 605 1364 670 providus,
1403 606 1801 656 naviculam⁸cir-

349 699 654 748 cumquaque
686 683 931 748 inquirens
954 693 1001 731 et
1027 682 1208 732 nullam
1242 684 1517 743 invenienS,
1548 684 1610 734 ad
1637 685 1800 752 pontis

351 762 563 830 pericula
595 760 764 821 rediit,
795 771 842 809 et
860 771 913 808 ut
946 762 1057 827 equi
1081 761 1346 811 incolumes
1367 763 1801 813 transmitterentur

354 858 381 888 e
407 839 528 887 coelo
555 840 774 888 emeruit.
806 842 925 887 Nam
955 840 1003 887 in
1028 839 1146 888 locis
1178 840 1422 889 hiantibus
1454 858 1692 908 equorum
1717 859 1802 910 pe-

353 918 495 966 dibus
520 917 779 983 aliquando
811 917 1020 984 clipeum
1055 918 1293 979 subdens,
1330 918 1590 985 aliquando
1615 918 1802 969 tabulas

354 1000 563 1065 abjectas
579 999 845 1065 adjungens
858 1036 871 1060 ,
904 999 1054 1048 modo
1073 1001 1348 1050 incurvatus
1364 1037 1377 1059 ,
1406 1000 1555 1049 modo
1581 1011 1769 1051 erectus
1783 1038 1796 1064 ,

356 1080 505 1127 modo
546 1079 805 1138 accedens,
863 1079 1013 1127 modo
1060 1096 1334 1140 recurrens,
1386 1078 1640 1129 efficaciter
1688 1096 1799 1130 cum

352 1160 487 1224 equis
537 1175 616 1207 me
662 1159 921 1208 comitante
969 1161 1257 1225 pertransiit.
1313 1163 1416 1208 Nox
1466 1158 1798 1223 inhorruerat,

353 1237 688 1302 mundumque
720 1247 841 1286 tetra
865 1237 1063 1303 caligine
1100 1238 1393 1298 obduxerat,
1421 1254 1534 1287 cum
1556 1237 1801 1288 basilicam

351 1316 502 1364 sancti
552 1315 784 1364 Pharonis
828 1317 1012 1377 introii,
1050 1316 1272 1365 stan-ibus
1322 1316 1482 1365 adhuc
1520 1316 1800 1383 parantibus

351 1403 522 1459 potum
561 1394 782 1442 caritatis.
840 1397 945 1453 Qua
989 1394 1067 1443 die
1115 1395 1445 1462 sollempniter
1481 1406 1766 1462 pranserant
1780 1433 1796 1458 ‚

351 1472 548 1519 recitato
603 1472 812 1538 capitulo
854 1473 865 1494 ⁸
910 1473 971 1520 de
1014 1473 1261 1521 cellarario
1318 1473 1617 1533 monasterii,
1664 1472 1799 1539 quod

352 1553 441 1600 fuit
464 1569 607 1601 causa
632 1563 730 1601 tam
756 1571 870 1602 serae
892 1556 1166 1621 potationis.
1198 1559 1235 1602 A
1267 1554 1442 1620 quibus
1466 1564 1520 1603 ut
1542 1554 1688 1603 stater
1710 1570 1800 1604 ex·-

350 1641 541 1696 ceptus,
565 1631 788 1679 dulcibus
824 1632 1072 1698 alloquiis,
1102 1633 1317 1699 cibisque
1354 1632 1698 1682 sufficientibus
1721 1649 1798 1681 re-

354 1719 543 1757 creatus
580 1726 703 1756 sum.
747 1712 1064 1758 Carnotinum
1089 1712 1298 1776 equitem
1338 1729 1451 1760 cum
1487 1712 1624 1777 equis
1654 1712 1800 1760 vitata

348 1789 510 1853 pontis
541 1788 752 1855 pericula
789 1790 962 1837 iterum
986 1800 1408 1856 attemptaturum,
1437 1807 1592 1857 puero
1630 1790 1796 1839 relicto

348 1866 524 1913 remisi.
555 1869 664 1914 Arte
698 1868 936 1933 praemissa
968 1870 1263 1934 pertransiit3
1301 1879 1349 1917 et
1385 1869 1447 1918 ad
1483 1886 1691 1936 puerum
1722 1885 1797 1918 se-

349 1944 509 1992 cunda
533 1946 687 1994 noctis
707 1946 865 2012 vigilia
888 1947 1188 1996 errabundus
1211 1948 1444 2014 pervenit.
1474 1948 1661 2014 Vixque
1683 1964 1798 1996 eum

350 2022 519 2088 saepius
543 2023 853 2072 inclamatum
891 2026 1115 2092 repperit.
1157 2028 1267 2084 Quo
1305 2034 1549 2092 assumpto
1586 2041 1699 2073 cum
1733 2024 1797 2074 ad

350 2099 521 2147 urbem
540 2100 809 2150 devenisset
821 2139 834 2163 ,
864 2114 1111 2169 suspectus
1134 2105 1296 2171 pontis
1314 2103 1544 2171 pericula,
1566 2120 1673 2170 quae
1688 2120 1797 2172 per·

348 2176 522 2226 uitiosa
545 2180 873 2246 experimento
905 2182 1162 2242 didicerat,
1191 2199 1303 2231 cum
1327 2199 1481 2249 puero
1506 2193 1554 2231 et
1587 2183 1721 2250 equis
1744 2183 1795 2232 in

347 2255 596 2319 cujusdam
621 2260 864 2323 tugurium
883 2259 1160 2322 declinavit3
1183 2261 1369 2327 ibique,
1390 2278 1479 2328 per
1496 2271 1648 2311 totam
1666 2260 1796 2311 diem

347 2332 560 2396 incibati,
588 2348 733 2386 nocte
757 2338 836 2386 illa
861 2338 922 2387 ad
942 2340 1287 2404 quiescendum
1311 2357 1412 2388 non
1431 2339 1495 2389 ad
1519 2339 1797 2397 cenandum

348 2412 535 2461 collecti
553 2426 680 2463 sunt.
711 2419 868 2474 Quam
893 2428 1087 2466 noctem
1112 2429 1166 2467 ut
1189 2420 1462 2468 insomnem
1482 2419 1720 2481 duxerim,
1746 2429 1796 2468 et

346 2502 527 2555 quanto
564 2494 614 2541 in
647 2511 703 2542 ea
728 2497 939 2543 cruciatu
969 2507 1121 2545 tortus
1149 2498 1166 2522 ²
1203 2499 1293 2546 sim
1313 2535 1326 2558 ,
1360 2498 1659 2565 perpendere
1683 2514 1795 2565 pos-

348 2579 459 2617 sunt
471 2606 484 2631 ,
505 2572 588 2636 qui
611 2589 725 2619 cura
742 2590 965 2622 carorum
981 2573 1240 2641 aliquando
1256 2577 1472 2643 vigilasse
1495 2577 1650 2627 coacu'
1661 2586 1792 2626 sunt.

397 2733 408 2752 '
432 2725 515 2781 <ta-f).

390 2791 404 2813 ²
432 2800 579 2827 vexatus
595 2795 797 2840 superposito
820 2802 931 2829 tortus
948 2795 1065 2829 codes.
