<?xml version="1.0" encoding="UTF-8"?>
<!DOCTYPE html PUBLIC "-//W3C//DTD XHTML 1.0 Transitional//EN"
    "http://www.w3.org/TR/xhtml1/DTD/xhtml1-transitional.dtd">
<html xmlns="http://www.w3.org/1999/xhtml" xml:lang="en" lang="en">
 <head>
  <title>
</title>
<meta http-equiv="Content-Type" content="text/html;charset=utf-8" />
  <meta name='ocr-system' content='tesseract 3.04.00' />
  <meta name='ocr-capabilities' content='ocr_page ocr_carea ocr_par ocr_line ocrx_word'/>
</head>
<body>
  <div class='ocr_page' id='page_1' title='image "./richerhistoirede02richuoft_0310.png"; bbox 0 0 1872 3372; ppageno 0'>
   <div class='ocr_carea' id='block_1_1' title="bbox 363 267 1295 312">
    <p class='ocr_par' dir='ltr' id='par_1_1' title="bbox 363 267 1295 312">
     <span class='ocr_line' id='line_1_1' title="bbox 363 267 1295 312; baseline -0.008 0"><span class='ocrx_word' id='word_1_1' title='bbox 363 272 442 312; x_wconf 78' lang='lat'>302</span> <span class='ocrx_word' id='word_1_2' title='bbox 841 267 1058 308; x_wconf 73' lang='lat' dir='ltr'>Rlcnssm</span> <span class='ocrx_word' id='word_1_3' title='bbox 1091 267 1189 310; x_wconf 74' lang='lat' dir='ltr'>Lm.</span> <span class='ocrx_word' id='word_1_4' title='bbox 1224 267 1295 308; x_wconf 78' lang='lat' dir='ltr'>lv,</span> 
     </span>
    </p>
   </div>
   <div class='ocr_carea' id='block_1_2' title="bbox 365 355 1861 2691">
    <p class='ocr_par' dir='ltr' id='par_1_2' title="bbox 365 355 1861 2691">
     <span class='ocr_line' id='line_1_2' title="bbox 366 355 1790 427; baseline -0.001 -21"><span class='ocrx_word' id='word_1_5' title='bbox 366 383 388 407; x_wconf 88' lang='lat'>«</span> <span class='ocrx_word' id='word_1_6' title='bbox 418 379 470 409; x_wconf 83' lang='lat' dir='ltr'>se</span> <span class='ocrx_word' id='word_1_7' title='bbox 493 377 521 409; x_wconf 84' lang='lat' dir='ltr'>a</span> <span class='ocrx_word' id='word_1_8' title='bbox 546 359 823 427; x_wconf 79' lang='lat' dir='ltr'>perditionis</span> <span class='ocrx_word' id='word_1_9' title='bbox 846 359 1022 407; x_wconf 85' lang='lat' dir='ltr'>scelere</span> <span class='ocrx_word' id='word_1_10' title='bbox 1044 368 1291 425; x_wconf 88' lang='lat' dir='ltr'>purgaret,</span> <span class='ocrx_word' id='word_1_11' title='bbox 1319 356 1437 404; x_wconf 91' lang='lat' dir='ltr'>dum</span> <span class='ocrx_word' id='word_1_12' title='bbox 1461 356 1645 404; x_wconf 78' lang='lat' dir='ltr'>monita</span> <span class='ocrx_word' id='word_1_13' title='bbox 1666 355 1790 405; x_wconf 77' lang='lat' dir='ltr'>salu·</span> 
     </span>
     <span class='ocr_line' id='line_1_3' title="bbox 366 434 1794 500; baseline -0.002 -15"><span class='ocrx_word' id='word_1_14' title='bbox 366 461 389 487; x_wconf 90' lang='lat'>«</span> <span class='ocrx_word' id='word_1_15' title='bbox 419 440 519 488; x_wconf 88' lang='lat' dir='ltr'>bria</span> <span class='ocrx_word' id='word_1_16' title='bbox 549 439 838 498; x_wconf 79' lang='lat' dir='ltr'>contemnit,</span> <span class='ocrx_word' id='word_1_17' title='bbox 873 436 1063 485; x_wconf 83' lang='lat' dir='ltr'>habitus</span> <span class='ocrx_word' id='word_1_18' title='bbox 1100 446 1170 485; x_wconf 88' lang='lat' dir='ltr'>est</span> <span class='ocrx_word' id='word_1_19' title='bbox 1210 446 1453 500; x_wconf 85' lang='lat' dir='ltr'>tamquam</span> <span class='ocrx_word' id='word_1_20' title='bbox 1495 434 1711 483; x_wconf 83' lang='lat' dir='ltr'>ethnicus</span> <span class='ocrx_word' id='word_1_21' title='bbox 1743 444 1794 483; x_wconf 87' lang='lat' dir='ltr'>et</span> 
     </span>
     <span class='ocr_line' id='line_1_4' title="bbox 365 511 1794 583; baseline 0.001 -21"><span class='ocrx_word' id='word_1_22' title='bbox 365 537 389 563; x_wconf 89' lang='lat'>«</span> <span class='ocrx_word' id='word_1_23' title='bbox 419 517 713 583; x_wconf 64' lang='lat' dir='ltr'>publicanus„</span> <span class='ocrx_word' id='word_1_24' title='bbox 737 519 833 563; x_wconf 88' lang='lat' dir='ltr'>Nec</span> <span class='ocrx_word' id='word_1_25' title='bbox 869 525 1026 563; x_wconf 87' lang='lat' dir='ltr'>tamen</span> <span class='ocrx_word' id='word_1_26' title='bbox 1047 514 1224 563; x_wconf 87' lang='lat' dir='ltr'>idcirco</span> <span class='ocrx_word' id='word_1_27' title='bbox 1254 513 1539 578; x_wconf 85' lang='lat' dir='ltr'>dijudicatus</span> <span class='ocrx_word' id='word_1_28' title='bbox 1562 522 1617 561; x_wconf 91' lang='lat' dir='ltr'>ut</span> <span class='ocrx_word' id='word_1_29' title='bbox 1638 511 1794 575; x_wconf 77' lang='lat' dir='ltr'>ethni·</span> 
     </span>
     <span class='ocr_line' id='line_1_5' title="bbox 366 590 1794 659; baseline -0.001 -19"><span class='ocrx_word' id='word_1_30' title='bbox 366 615 389 640; x_wconf 91' lang='lat'>«</span> <span class='ocrx_word' id='word_1_31' title='bbox 419 612 529 655; x_wconf 88' lang='lat' dir='ltr'>cus,</span> <span class='ocrx_word' id='word_1_32' title='bbox 552 595 616 642; x_wconf 90' lang='lat' dir='ltr'>ob</span> <span class='ocrx_word' id='word_1_33' title='bbox 646 594 959 641; x_wconf 88' lang='lat' dir='ltr'>reverentiam</span> <span class='ocrx_word' id='word_1_34' title='bbox 991 592 1116 640; x_wconf 86' lang='lat' dir='ltr'>sedis</span> <span class='ocrx_word' id='word_1_35' title='bbox 1147 591 1417 659; x_wconf 62' lang='lat' dir='ltr'>apostoliae</span> <span class='ocrx_word' id='word_1_36' title='bbox 1449 590 1794 658; x_wconf 85' lang='lat' dir='ltr'>sacerdotiique</span> 
     </span>
     <span class='ocr_line' id='line_1_6' title="bbox 367 668 1795 738; baseline -0.001 -20"><span class='ocrx_word' id='word_1_37' title='bbox 367 694 390 718; x_wconf 91' lang='lat'><strong><em>«</em></strong></span> <span class='ocrx_word' id='word_1_38' title='bbox 420 674 538 721; x_wconf 88' lang='lat' dir='ltr'>sacri</span> <span class='ocrx_word' id='word_1_39' title='bbox 566 671 834 738; x_wconf 85' lang='lat' dir='ltr'>privilegia,</span> <span class='ocrx_word' id='word_1_40' title='bbox 862 670 947 719; x_wconf 86' lang='lat' dir='ltr'>sed</span> <span class='ocrx_word' id='word_1_41' title='bbox 972 687 1001 718; x_wconf 90' lang='lat' dir='ltr'>a</span> <span class='ocrx_word' id='word_1_42' title='bbox 1023 686 1073 717; x_wconf 88' lang='lat' dir='ltr'>se</span> <span class='ocrx_word' id='word_1_43' title='bbox 1103 671 1207 737; x_wconf 87' lang='lat' dir='ltr'>ipso</span> <span class='ocrx_word' id='word_1_44' title='bbox 1242 670 1289 717; x_wconf 88' lang='lat' dir='ltr'>in</span> <span class='ocrx_word' id='word_1_45' title='bbox 1324 686 1375 718; x_wconf 88' lang='lat' dir='ltr'>se</span> <span class='ocrx_word' id='word_1_46' title='bbox 1408 670 1563 736; x_wconf 86' lang='lat' dir='ltr'>ipsum</span> <span class='ocrx_word' id='word_1_47' title='bbox 1598 668 1795 718; x_wconf 79' lang='lat' dir='ltr'>damna-</span> 
     </span>
     <span class='ocr_line' id='line_1_7' title="bbox 367 746 1795 816; baseline -0.001 -20"><span class='ocrx_word' id='word_1_48' title='bbox 367 772 390 796; x_wconf 86' lang='lat'>«</span> <span class='ocrx_word' id='word_1_49' title='bbox 420 751 560 798; x_wconf 89' lang='lat' dir='ltr'>tionis</span> <span class='ocrx_word' id='word_1_50' title='bbox 597 750 829 797; x_wconf 88' lang='lat' dir='ltr'>sententia</span> <span class='ocrx_word' id='word_1_51' title='bbox 869 748 1077 816; x_wconf 86' lang='lat' dir='ltr'>prolata,</span> <span class='ocrx_word' id='word_1_52' title='bbox 1109 748 1205 795; x_wconf 93' lang='lat' dir='ltr'>hoc</span> <span class='ocrx_word' id='word_1_53' title='bbox 1240 748 1397 797; x_wconf 81' lang='lat' dir='ltr'>solum</span> <span class='ocrx_word' id='word_1_54' title='bbox 1429 764 1540 796; x_wconf 89' lang='lat' dir='ltr'>eum</span> <span class='ocrx_word' id='word_1_55' title='bbox 1572 747 1621 796; x_wconf 91' lang='lat' dir='ltr'>in</span> <span class='ocrx_word' id='word_1_56' title='bbox 1662 746 1795 795; x_wconf 89' lang='lat' dir='ltr'>omni</span> 
     </span>
     <span class='ocr_line' id='line_1_8' title="bbox 368 824 1794 893; baseline 0 -21"><span class='ocrx_word' id='word_1_57' title='bbox 368 849 390 872; x_wconf 87' lang='lat'>«</span> <span class='ocrx_word' id='word_1_58' title='bbox 420 829 515 875; x_wconf 88' lang='lat' dir='ltr'>vita</span> <span class='ocrx_word' id='word_1_59' title='bbox 538 829 633 891; x_wconf 62' lang='lat' dir='ltr'>fsua</span> <span class='ocrx_word' id='word_1_60' title='bbox 669 826 882 893; x_wconf 85' lang='lat' dir='ltr'><strong>preclare</strong></span> <span class='ocrx_word' id='word_1_61' title='bbox 915 825 1062 890; x_wconf 85' lang='lat' dir='ltr'>egisse</span> <span class='ocrx_word' id='word_1_62' title='bbox 1095 824 1406 890; x_wconf 88' lang='lat' dir='ltr'>dijudicatum</span> <span class='ocrx_word' id='word_1_63' title='bbox 1438 835 1536 886; x_wconf 79' lang='lat' dir='ltr'>est3</span> <span class='ocrx_word' id='word_1_64' title='bbox 1577 824 1692 891; x_wconf 78' lang='lat' dir='ltr'>quia</span> <span class='ocrx_word' id='word_1_65' title='bbox 1721 824 1794 872; x_wconf 89' lang='lat' dir='ltr'>ni·</span> 
     </span>
     <span class='ocr_line' id='line_1_9' title="bbox 368 901 1795 971; baseline 0.001 -21"><span class='ocrx_word' id='word_1_66' title='bbox 368 927 390 950; x_wconf 88' lang='lat'>«</span> <span class='ocrx_word' id='word_1_67' title='bbox 421 906 622 965; x_wconf 91' lang='lat' dir='ltr'>mirum,</span> <span class='ocrx_word' id='word_1_68' title='bbox 652 906 690 952; x_wconf 89' lang='lat' dir='ltr'>si</span> <span class='ocrx_word' id='word_1_69' title='bbox 721 921 858 964; x_wconf 91' lang='lat' dir='ltr'>eum,</span> <span class='ocrx_word' id='word_1_70' title='bbox 887 921 937 951; x_wconf 87' lang='lat' dir='ltr'>se</span> <span class='ocrx_word' id='word_1_71' title='bbox 962 904 1066 970; x_wconf 90' lang='lat' dir='ltr'>ipso</span> <span class='ocrx_word' id='word_1_72' title='bbox 1091 901 1374 964; x_wconf 77' lang='lat' dir='ltr'>damnante,</span> <span class='ocrx_word' id='word_1_73' title='bbox 1400 903 1610 971; x_wconf 79' lang='lat' dir='ltr'>episcopi</span> <span class='ocrx_word' id='word_1_74' title='bbox 1641 901 1795 952; x_wconf 80' lang='lat' dir='ltr'>absol-</span> 
     </span>
     <span class='ocr_line' id='line_1_10' title="bbox 369 980 1798 1048; baseline 0.001 -20"><span class='ocrx_word' id='word_1_75' title='bbox 369 1004 390 1028; x_wconf 87' lang='lat'>«</span> <span class='ocrx_word' id='word_1_76' title='bbox 420 994 612 1043; x_wconf 85' lang='lat' dir='ltr'>verent,</span> <span class='ocrx_word' id='word_1_77' title='bbox 633 999 827 1048; x_wconf 90' lang='lat' dir='ltr'>poenam</span> <span class='ocrx_word' id='word_1_78' title='bbox 855 981 1043 1029; x_wconf 90' lang='lat' dir='ltr'>sceleris</span> <span class='ocrx_word' id='word_1_79' title='bbox 1067 980 1168 1046; x_wconf 86' lang='lat' dir='ltr'>ejus</span> <span class='ocrx_word' id='word_1_80' title='bbox 1192 982 1503 1029; x_wconf 81' lang='lat' dir='ltr'>incurrerent.</span> <span class='ocrx_word' id='word_1_81' title='bbox 1529 982 1612 1039; x_wconf 81' lang='lat' dir='ltr'>Si,</span> <span class='ocrx_word' id='word_1_82' title='bbox 1642 981 1798 1047; x_wconf 88' lang='lat' dir='ltr'>inquit</span> 
     </span>
     <span class='ocr_line' id='line_1_11' title="bbox 369 1056 1798 1126; baseline 0 -21"><span class='ocrx_word' id='word_1_83' title='bbox 369 1083 391 1107; x_wconf 87' lang='lat'>«</span> <span class='ocrx_word' id='word_1_84' title='bbox 422 1078 621 1126; x_wconf 87' lang='lat' dir='ltr'>magnus</span> <span class='ocrx_word' id='word_1_85' title='bbox 638 1064 734 1108; x_wconf 89' lang='lat' dir='ltr'>Leo</span> <span class='ocrx_word' id='word_1_86' title='bbox 758 1076 910 1126; x_wconf 88' lang='lat' dir='ltr'>papa,</span> <span class='ocrx_word' id='word_1_87' title='bbox 937 1075 1101 1105; x_wconf 86' lang='lat' dir='ltr'>omnes</span> <span class='ocrx_word' id='word_1_88' title='bbox 1128 1057 1391 1106; x_wconf 84' lang='lat' dir='ltr'>sacerdotes</span> <span class='ocrx_word' id='word_1_89' title='bbox 1419 1068 1469 1105; x_wconf 84' lang='lat' dir='ltr'>et</span> <span class='ocrx_word' id='word_1_90' title='bbox 1494 1056 1696 1106; x_wconf 77' lang='lat' dir='ltr'>nmndus</span> <span class='ocrx_word' id='word_1_91' title='bbox 1720 1074 1798 1106; x_wconf 87' lang='lat' dir='ltr'>as·</span> 
     </span>
     <span class='ocr_line' id='line_1_12' title="bbox 368 1135 1791 1196; baseline 0.001 -14"><span class='ocrx_word' id='word_1_92' title='bbox 368 1159 391 1182; x_wconf 77' lang='lat' dir='ltr'><em>u</em></span> <span class='ocrx_word' id='word_1_93' title='bbox 418 1141 596 1186; x_wconf 77' lang='lat' dir='ltr'>sentiat</span> <span class='ocrx_word' id='word_1_94' title='bbox 614 1137 919 1196; x_wconf 75' lang='lat' dir='ltr'>damnandis,</span> <span class='ocrx_word' id='word_1_95' title='bbox 949 1136 1198 1185; x_wconf 79' lang='lat' dir='ltr'>damnatio</span> <span class='ocrx_word' id='word_1_96' title='bbox 1221 1138 1558 1184; x_wconf 79' lang='lat' dir='ltr'>consentientes</span> <span class='ocrx_word' id='word_1_97' title='bbox 1579 1135 1791 1195; x_wconf 80' lang='lat' dir='ltr'>involvit,</span> 
     </span>
     <span class='ocr_line' id='line_1_13' title="bbox 371 1212 1809 1281; baseline 0.001 -20"><span class='ocrx_word' id='word_1_98' title='bbox 371 1236 395 1262; x_wconf 88' lang='lat'>«</span> <span class='ocrx_word' id='word_1_99' title='bbox 417 1234 513 1264; x_wconf 87' lang='lat' dir='ltr'>non</span> <span class='ocrx_word' id='word_1_100' title='bbox 536 1217 983 1281; x_wconf 65' lang='lat' dir='ltr'>praevaricationem</span> <span class='ocrx_word' id='word_1_101' title='bbox 1015 1232 1266 1262; x_wconf 79' lang='lat' dir='ltr'>consensus</span> <span class='ocrx_word' id='word_1_102' title='bbox 1297 1212 1507 1261; x_wconf 78' lang='lat' dir='ltr'>absolvit.</span> <span class='ocrx_word' id='word_1_103' title='bbox 1538 1215 1643 1261; x_wconf 82' lang='lat' dir='ltr'>Hoc</span> <span class='ocrx_word' id='word_1_104' title='bbox 1668 1213 1809 1277; x_wconf 40' lang='lat' dir='ltr'>enim·</span> 
     </span>
     <span class='ocr_line' id='line_1_14' title="bbox 371 1289 1798 1357; baseline -0.001 -18"><span class='ocrx_word' id='word_1_105' title='bbox 371 1315 394 1340; x_wconf 78' lang='grc' dir='ltr'>α</span> <span class='ocrx_word' id='word_1_106' title='bbox 423 1299 556 1342; x_wconf 81' lang='lat' dir='ltr'>Deus</span> <span class='ocrx_word' id='word_1_107' title='bbox 592 1297 803 1342; x_wconf 81' lang='lat' dir='ltr'>omnium</span> <span class='ocrx_word' id='word_1_108' title='bbox 849 1292 1096 1351; x_wconf 76' lang='lat' dir='ltr'>indicavit,</span> <span class='ocrx_word' id='word_1_109' title='bbox 1136 1294 1221 1357; x_wconf 77' lang='lat' dir='ltr'>qui</span> <span class='ocrx_word' id='word_1_110' title='bbox 1248 1301 1526 1356; x_wconf 83' lang='lat' dir='ltr'>peccantem</span> <span class='ocrx_word' id='word_1_111' title='bbox 1570 1289 1798 1339; x_wconf 78' lang='lat' dir='ltr'>mundum</span> 
     </span>
     <span class='ocr_line' id='line_1_15' title="bbox 372 1368 1798 1438; baseline -0.001 -21"><span class='ocrx_word' id='word_1_112' title='bbox 372 1392 395 1418; x_wconf 79' lang='grc' dir='ltr'>α</span> <span class='ocrx_word' id='word_1_113' title='bbox 419 1372 633 1438; x_wconf 80' lang='lat' dir='ltr'>generali</span> <span class='ocrx_word' id='word_1_114' title='bbox 650 1371 822 1419; x_wconf 74' lang='lat' dir='ltr'>diluvio</span> <span class='ocrx_word' id='word_1_115' title='bbox 848 1372 1098 1418; x_wconf 78' lang='lat' dir='ltr'>interemit.</span> <span class='ocrx_word' id='word_1_116' title='bbox 1124 1373 1183 1418; x_wconf 88' lang='lat' dir='ltr'>Et</span> <span class='ocrx_word' id='word_1_117' title='bbox 1213 1386 1340 1436; x_wconf 88' lang='lat' dir='ltr'>papa</span> <span class='ocrx_word' id='word_1_118' title='bbox 1367 1368 1579 1418; x_wconf 74' lang='lat' dir='ltr'>Gelasius</span> <span class='ocrx_word' id='word_1_119' title='bbox 1604 1387 1616 1416; x_wconf 70' lang='grc' dir='ltr'><strong>ι</strong></span> <span class='ocrx_word' id='word_1_120' title='bbox 1643 1371 1798 1417; x_wconf 82' lang='lat' dir='ltr'>Error</span> 
     </span>
     <span class='ocr_line' id='line_1_16' title="bbox 371 1447 1800 1516; baseline -0.001 -21"><span class='ocrx_word' id='word_1_121' title='bbox 371 1471 395 1496; x_wconf 86' lang='lat'>«</span> <span class='ocrx_word' id='word_1_122' title='bbox 423 1453 508 1516; x_wconf 75' lang='lat' dir='ltr'>qui</span> <span class='ocrx_word' id='word_1_123' title='bbox 527 1450 675 1498; x_wconf 79' lang='lat' dir='ltr'>semel</span> <span class='ocrx_word' id='word_1_124' title='bbox 687 1461 760 1497; x_wconf 87' lang='lat' dir='ltr'>est</span> <span class='ocrx_word' id='word_1_125' title='bbox 771 1467 877 1497; x_wconf 82' lang='lat' dir='ltr'>cum</span> <span class='ocrx_word' id='word_1_126' title='bbox 889 1467 973 1496; x_wconf 80' lang='lat' dir='ltr'>suo</span> <span class='ocrx_word' id='word_1_127' title='bbox 991 1459 1181 1496; x_wconf 76' lang='lat' dir='ltr'>auctore</span> <span class='ocrx_word' id='word_1_128' title='bbox 1201 1447 1468 1504; x_wconf 80' lang='lat' dir='ltr'>damnatus,</span> <span class='ocrx_word' id='word_1_129' title='bbox 1492 1448 1543 1494; x_wconf 80' lang='lat' dir='ltr'>in</span> <span class='ocrx_word' id='word_1_130' title='bbox 1559 1447 1800 1512; x_wconf 77' lang='lat' dir='ltr'>participe</span> 
     </span>
     <span class='ocr_line' id='line_1_17' title="bbox 370 1524 1799 1594; baseline 0 -22"><span class='ocrx_word' id='word_1_131' title='bbox 370 1549 393 1573; x_wconf 91' lang='lat'>«</span> <span class='ocrx_word' id='word_1_132' title='bbox 424 1528 629 1594; x_wconf 78' lang='lat' dir='ltr'>quolibet</span> <span class='ocrx_word' id='word_1_133' title='bbox 654 1546 822 1593; x_wconf 77' lang='lat' dir='ltr'>pravoe</span> <span class='ocrx_word' id='word_1_134' title='bbox 867 1528 1207 1574; x_wconf 80' lang='lat' dir='ltr'>communionis</span> <span class='ocrx_word' id='word_1_135' title='bbox 1251 1524 1420 1589; x_wconf 74' lang='lat' dir='ltr'>efficto</span> <span class='ocrx_word' id='word_1_136' title='bbox 1455 1526 1799 1573; x_wconf 72' lang='lat' dir='ltr'>execrationem</span> 
     </span>
     <span class='ocr_line' id='line_1_18' title="bbox 372 1602 1800 1673; baseline -0.001 -21"><span class='ocrx_word' id='word_1_137' title='bbox 372 1626 397 1652; x_wconf 91' lang='lat'><strong><em>«</em></strong></span> <span class='ocrx_word' id='word_1_138' title='bbox 423 1609 502 1654; x_wconf 77' lang='lat' dir='ltr'>sui</span> <span class='ocrx_word' id='word_1_139' title='bbox 515 1618 672 1673; x_wconf 84' lang='lat' dir='ltr'>gestat</span> <span class='ocrx_word' id='word_1_140' title='bbox 687 1618 734 1654; x_wconf 89' lang='lat' dir='ltr'>et</span> <span class='ocrx_word' id='word_1_141' title='bbox 747 1623 958 1670; x_wconf 84' lang='lat' dir='ltr'>poenam.</span> <span class='ocrx_word' id='word_1_142' title='bbox 983 1604 1185 1652; x_wconf 82' lang='lat' dir='ltr'>Excluso</span> <span class='ocrx_word' id='word_1_143' title='bbox 1213 1605 1371 1669; x_wconf 84' lang='lat' dir='ltr'>itaque</span> <span class='ocrx_word' id='word_1_144' title='bbox 1404 1602 1486 1651; x_wconf 88' lang='lat' dir='ltr'>illo</span> <span class='ocrx_word' id='word_1_145' title='bbox 1522 1619 1552 1652; x_wconf 77' lang='lat' dir='ltr'>a</span> <span class='ocrx_word' id='word_1_146' title='bbox 1579 1604 1800 1651; x_wconf 76' lang='lat' dir='ltr'>Remensi</span> 
     </span>
     <span class='ocr_line' id='line_1_19' title="bbox 372 1683 1800 1748; baseline -0.001 -18"><span class='ocrx_word' id='word_1_147' title='bbox 372 1707 395 1731; x_wconf 90' lang='lat'>«</span> <span class='ocrx_word' id='word_1_148' title='bbox 425 1686 646 1743; x_wconf 88' lang='lat' dir='ltr'>ecclesia,</span> <span class='ocrx_word' id='word_1_149' title='bbox 668 1685 786 1733; x_wconf 89' lang='lat' dir='ltr'>mihi</span> <span class='ocrx_word' id='word_1_150' title='bbox 803 1685 1076 1743; x_wconf 86' lang='lat' dir='ltr'>reluctanti,</span> <span class='ocrx_word' id='word_1_151' title='bbox 1102 1683 1403 1747; x_wconf 88' lang='lat' dir='ltr'>multumque</span> <span class='ocrx_word' id='word_1_152' title='bbox 1428 1697 1484 1730; x_wconf 84' lang='lat' dir='ltr'>ea</span> <span class='ocrx_word' id='word_1_153' title='bbox 1507 1697 1614 1747; x_wconf 82' lang='lat' dir='ltr'>quae</span> <span class='ocrx_word' id='word_1_154' title='bbox 1634 1696 1800 1748; x_wconf 72' lang='lat' dir='ltr'>pascus</span> 
     </span>
     <span class='ocr_line' id='line_1_20' title="bbox 372 1758 1800 1829; baseline -0.002 -20"><span class='ocrx_word' id='word_1_155' title='bbox 372 1786 395 1810; x_wconf 90' lang='lat'>«</span> <span class='ocrx_word' id='word_1_156' title='bbox 427 1782 535 1813; x_wconf 89' lang='lat' dir='ltr'>sum</span> <span class='ocrx_word' id='word_1_157' title='bbox 566 1774 613 1812; x_wconf 92' lang='lat' dir='ltr'>et</span> <span class='ocrx_word' id='word_1_158' title='bbox 652 1763 810 1812; x_wconf 87' lang='lat' dir='ltr'>adhuc</span> <span class='ocrx_word' id='word_1_159' title='bbox 845 1763 1000 1829; x_wconf 84' lang='lat' dir='ltr'>patior</span> <span class='ocrx_word' id='word_1_160' title='bbox 1035 1761 1335 1821; x_wconf 83' lang='lat' dir='ltr'>formidanti,</span> <span class='ocrx_word' id='word_1_161' title='bbox 1363 1777 1391 1808; x_wconf 89' lang='lat' dir='ltr'>a</span> <span class='ocrx_word' id='word_1_162' title='bbox 1426 1758 1646 1807; x_wconf 71' lang='lat' dir='ltr'>stan-ibus</span> <span class='ocrx_word' id='word_1_163' title='bbox 1679 1758 1800 1807; x_wconf 87' lang='lat' dir='ltr'>meis</span> 
     </span>
     <span class='ocr_line' id='line_1_21' title="bbox 372 1834 1798 1908; baseline -0.001 -21"><span class='ocrx_word' id='word_1_164' title='bbox 372 1864 395 1888; x_wconf 89' lang='lat'>«</span> <span class='ocrx_word' id='word_1_165' title='bbox 424 1843 682 1890; x_wconf 88' lang='lat' dir='ltr'>Galliarum</span> <span class='ocrx_word' id='word_1_166' title='bbox 707 1843 941 1908; x_wconf 87' lang='lat' dir='ltr'>episcopis</span> <span class='ocrx_word' id='word_1_167' title='bbox 959 1841 1054 1888; x_wconf 86' lang='lat' dir='ltr'>hoc</span> <span class='ocrx_word' id='word_1_168' title='bbox 1071 1840 1230 1888; x_wconf 91' lang='lat' dir='ltr'>honus</span> <span class='ocrx_word' id='word_1_169' title='bbox 1258 1836 1508 1887; x_wconf 86' lang='lat' dir='ltr'>sacerdotii</span> <span class='ocrx_word' id='word_1_170' title='bbox 1534 1836 1625 1885; x_wconf 88' lang='lat' dir='ltr'>sub</span> <span class='ocrx_word' id='word_1_171' title='bbox 1649 1834 1798 1886; x_wconf 79' lang='lat' dir='ltr'>divini</span> 
     </span>
     <span class='ocr_line' id='line_1_22' title="bbox 374 1914 1799 1984; baseline -0.004 -17"><span class='ocrx_word' id='word_1_172' title='bbox 374 1942 397 1968; x_wconf 87' lang='lat'>«</span> <span class='ocrx_word' id='word_1_173' title='bbox 426 1922 634 1970; x_wconf 89' lang='lat' dir='ltr'>nominis</span> <span class='ocrx_word' id='word_1_174' title='bbox 652 1921 969 1968; x_wconf 88' lang='lat' dir='ltr'>obtestatione</span> <span class='ocrx_word' id='word_1_175' title='bbox 993 1918 1269 1984; x_wconf 89' lang='lat' dir='ltr'>impositum</span> <span class='ocrx_word' id='word_1_176' title='bbox 1286 1927 1372 1965; x_wconf 90' lang='lat' dir='ltr'>est.</span> <span class='ocrx_word' id='word_1_177' title='bbox 1395 1914 1539 1975; x_wconf 90' lang='lat' dir='ltr'>Quod</span> <span class='ocrx_word' id='word_1_178' title='bbox 1567 1915 1607 1963; x_wconf 89' lang='lat' dir='ltr'>si</span> <span class='ocrx_word' id='word_1_179' title='bbox 1631 1914 1754 1963; x_wconf 82' lang='lat' dir='ltr'>forte</span> <span class='ocrx_word' id='word_1_180' title='bbox 1770 1930 1799 1963; x_wconf 85' lang='lat' dir='ltr'>a</span> 
     </span>
     <span class='ocr_line' id='line_1_23' title="bbox 372 1992 1800 2064; baseline -0.004 -19"><span class='ocrx_word' id='word_1_181' title='bbox 372 2021 395 2046; x_wconf 92' lang='lat'>«</span> <span class='ocrx_word' id='word_1_182' title='bbox 425 2001 567 2048; x_wconf 88' lang='lat' dir='ltr'>sacris</span> <span class='ocrx_word' id='word_1_183' title='bbox 601 1998 782 2064; x_wconf 87' lang='lat' dir='ltr'>legibus</span> <span class='ocrx_word' id='word_1_184' title='bbox 814 1998 1063 2064; x_wconf 89' lang='lat' dir='ltr'>quippiam</span> <span class='ocrx_word' id='word_1_185' title='bbox 1098 1996 1339 2044; x_wconf 88' lang='lat' dir='ltr'>deviatum</span> <span class='ocrx_word' id='word_1_186' title='bbox 1369 2004 1464 2055; x_wconf 90' lang='lat' dir='ltr'>est,</span> <span class='ocrx_word' id='word_1_187' title='bbox 1491 2009 1592 2042; x_wconf 93' lang='lat' dir='ltr'>non</span> <span class='ocrx_word' id='word_1_188' title='bbox 1620 1992 1673 2041; x_wconf 92' lang='lat' dir='ltr'>id</span> <span class='ocrx_word' id='word_1_189' title='bbox 1700 2008 1800 2041; x_wconf 87' lang='lat' dir='ltr'>ma·</span> 
     </span>
     <span class='ocr_line' id='line_1_24' title="bbox 374 2070 1798 2141; baseline -0.003 -19"><span class='ocrx_word' id='word_1_190' title='bbox 374 2097 396 2122; x_wconf 78' lang='grc' dir='ltr'>α</span> <span class='ocrx_word' id='word_1_191' title='bbox 425 2076 557 2137; x_wconf 88' lang='lat' dir='ltr'>licia,</span> <span class='ocrx_word' id='word_1_192' title='bbox 590 2076 674 2124; x_wconf 90' lang='lat' dir='ltr'>sed</span> <span class='ocrx_word' id='word_1_193' title='bbox 705 2076 931 2141; x_wconf 83' lang='lat' dir='ltr'>temporis</span> <span class='ocrx_word' id='word_1_194' title='bbox 962 2074 1235 2140; x_wconf 85' lang='lat' dir='ltr'>importavit</span> <span class='ocrx_word' id='word_1_195' title='bbox 1271 2073 1538 2121; x_wconf 61' lang='lat' dir='ltr'>necessita&amp;</span> <span class='ocrx_word' id='word_1_196' title='bbox 1579 2070 1798 2136; x_wconf 84' lang='lat' dir='ltr'>Alioquin</span> 
     </span>
     <span class='ocr_line' id='line_1_25' title="bbox 374 2151 1795 2221; baseline -0.002 -21"><span class='ocrx_word' id='word_1_197' title='bbox 374 2175 398 2200; x_wconf 88' lang='lat'><strong><em>«</em></strong></span> <span class='ocrx_word' id='word_1_198' title='bbox 426 2166 642 2221; x_wconf 90' lang='lat' dir='ltr'>tempore</span> <span class='ocrx_word' id='word_1_199' title='bbox 659 2154 819 2202; x_wconf 87' lang='lat' dir='ltr'>hostili</span> <span class='ocrx_word' id='word_1_200' title='bbox 838 2170 983 2201; x_wconf 90' lang='lat' dir='ltr'>omne</span> <span class='ocrx_word' id='word_1_201' title='bbox 998 2153 1100 2217; x_wconf 88' lang='lat' dir='ltr'>jus,</span> <span class='ocrx_word' id='word_1_202' title='bbox 1129 2169 1368 2217; x_wconf 90' lang='lat' dir='ltr'>omneque</span> <span class='ocrx_word' id='word_1_203' title='bbox 1397 2151 1580 2199; x_wconf 88' lang='lat' dir='ltr'>licitum</span> <span class='ocrx_word' id='word_1_204' title='bbox 1604 2165 1795 2210; x_wconf 83' lang='lat' dir='ltr'>cavere,</span> 
     </span>
     <span class='ocr_line' id='line_1_26' title="bbox 375 2229 1800 2299; baseline -0.001 -21"><span class='ocrx_word' id='word_1_205' title='bbox 375 2254 398 2279; x_wconf 91' lang='lat'>«</span> <span class='ocrx_word' id='word_1_206' title='bbox 427 2233 544 2299; x_wconf 90' lang='lat' dir='ltr'>quid</span> <span class='ocrx_word' id='word_1_207' title='bbox 580 2243 650 2281; x_wconf 90' lang='lat' dir='ltr'>est</span> <span class='ocrx_word' id='word_1_208' title='bbox 683 2232 811 2280; x_wconf 90' lang='lat' dir='ltr'>aliud</span> <span class='ocrx_word' id='word_1_209' title='bbox 847 2248 991 2297; x_wconf 88' lang='lat' dir='ltr'>quam</span> <span class='ocrx_word' id='word_1_210' title='bbox 1032 2232 1234 2297; x_wconf 89' lang='lat' dir='ltr'>patriam</span> <span class='ocrx_word' id='word_1_211' title='bbox 1280 2229 1507 2296; x_wconf 88' lang='lat' dir='ltr'>perdere,</span> <span class='ocrx_word' id='word_1_212' title='bbox 1546 2239 1594 2278; x_wconf 86' lang='lat' dir='ltr'>et</span> <span class='ocrx_word' id='word_1_213' title='bbox 1630 2244 1800 2276; x_wconf 82' lang='lat' dir='ltr'>necem</span> 
     </span>
     <span class='ocr_line' id='line_1_27' title="bbox 376 2303 1801 2376; baseline -0.002 -19"><span class='ocrx_word' id='word_1_214' title='bbox 376 2333 399 2358; x_wconf 92' lang='lat'>«</span> <span class='ocrx_word' id='word_1_215' title='bbox 428 2311 635 2360; x_wconf 81' lang='lat' dir='ltr'>inferre?</span> <span class='ocrx_word' id='word_1_216' title='bbox 661 2311 809 2358; x_wconf 89' lang='lat' dir='ltr'>Silent</span> <span class='ocrx_word' id='word_1_217' title='bbox 826 2310 1051 2376; x_wconf 89' lang='lat' dir='ltr'>equidem</span> <span class='ocrx_word' id='word_1_218' title='bbox 1068 2310 1194 2374; x_wconf 87' lang='lat' dir='ltr'>leges</span> <span class='ocrx_word' id='word_1_219' title='bbox 1221 2310 1344 2357; x_wconf 90' lang='lat' dir='ltr'>inter</span> <span class='ocrx_word' id='word_1_220' title='bbox 1367 2324 1501 2359; x_wconf 85' lang='lat' dir='ltr'>arma</span> <span class='ocrx_word' id='word_1_221' title='bbox 1525 2306 1698 2374; x_wconf 83' lang='lat' dir='ltr'>quibus</span> <span class='ocrx_word' id='word_1_222' title='bbox 1722 2303 1801 2354; x_wconf 85' lang='lat' dir='ltr'>ille</span> 
     </span>
     <span class='ocr_line' id='line_1_28' title="bbox 376 2383 1801 2447; baseline -0.001 -12"><span class='ocrx_word' id='word_1_223' title='bbox 376 2411 399 2435; x_wconf 90' lang='lat'>«</span> <span class='ocrx_word' id='word_1_224' title='bbox 428 2390 581 2439; x_wconf 81' lang='lat' dir='ltr'>feralis</span> <span class='ocrx_word' id='word_1_225' title='bbox 618 2388 767 2437; x_wconf 85' lang='lat' dir='ltr'>bestia</span> <span class='ocrx_word' id='word_1_226' title='bbox 800 2391 858 2436; x_wconf 94' lang='grc' dir='ltr'>Ο.</span> <span class='ocrx_word' id='word_1_227' title='bbox 887 2390 898 2413; x_wconf 80' lang='lat'><strong>⁴</strong></span> <span class='ocrx_word' id='word_1_228' title='bbox 931 2390 996 2436; x_wconf 87' lang='lat' dir='ltr'>ita</span> <span class='ocrx_word' id='word_1_229' title='bbox 1025 2388 1043 2412; x_wconf 81' lang='lat'><em>²</em></span> <span class='ocrx_word' id='word_1_230' title='bbox 1074 2388 1249 2436; x_wconf 89' lang='lat' dir='ltr'>abusus</span> <span class='ocrx_word' id='word_1_231' title='bbox 1283 2397 1378 2447; x_wconf 89' lang='lat' dir='ltr'>est,</span> <span class='ocrx_word' id='word_1_232' title='bbox 1417 2397 1471 2434; x_wconf 93' lang='lat' dir='ltr'>ut</span> <span class='ocrx_word' id='word_1_233' title='bbox 1508 2383 1801 2434; x_wconf 84' lang='lat' dir='ltr'>reverendis·</span> 
     </span>
     <span class='ocr_line' id='line_1_29' title="bbox 377 2464 1861 2531; baseline -0.001 -18"><span class='ocrx_word' id='word_1_234' title='bbox 377 2489 401 2514; x_wconf 90' lang='lat'>«</span> <span class='ocrx_word' id='word_1_235' title='bbox 429 2470 575 2516; x_wconf 89' lang='lat' dir='ltr'>simos</span> <span class='ocrx_word' id='word_1_236' title='bbox 600 2466 868 2516; x_wconf 82' lang='lat' dir='ltr'>sacerdotes</span> <span class='ocrx_word' id='word_1_237' title='bbox 894 2467 1005 2526; x_wconf 91' lang='lat' dir='ltr'>Dei,</span> <span class='ocrx_word' id='word_1_238' title='bbox 1027 2467 1163 2531; x_wconf 88' lang='lat' dir='ltr'>quasi</span> <span class='ocrx_word' id='word_1_239' title='bbox 1186 2465 1295 2513; x_wconf 80' lang='lat' dir='ltr'>vilia</span> <span class='ocrx_word' id='word_1_240' title='bbox 1320 2464 1557 2530; x_wconf 84' lang='lat' dir='ltr'>mancipia</span> <span class='ocrx_word' id='word_1_241' title='bbox 1581 2471 1796 2530; x_wconf 75' lang='lat' dir='ltr'>caperet,</span> <span class='ocrx_word' id='word_1_242' title='bbox 1858 2518 1861 2522; x_wconf 19' lang='grc' dir='ltr'><em>Α</em></span> 
     </span>
     <span class='ocr_line' id='line_1_30' title="bbox 377 2544 1803 2612; baseline -0.001 -20"><span class='ocrx_word' id='word_1_243' title='bbox 377 2568 400 2593; x_wconf 78' lang='grc' dir='ltr'>α</span> <span class='ocrx_word' id='word_1_244' title='bbox 430 2564 520 2595; x_wconf 90' lang='lat' dir='ltr'>nec</span> <span class='ocrx_word' id='word_1_245' title='bbox 546 2546 608 2595; x_wconf 88' lang='lat' dir='ltr'>ab</span> <span class='ocrx_word' id='word_1_246' title='bbox 630 2547 742 2612; x_wconf 88' lang='lat' dir='ltr'>ipsis</span> <span class='ocrx_word' id='word_1_247' title='bbox 771 2546 1081 2594; x_wconf 87' lang='lat' dir='ltr'>sacrosanctis</span> <span class='ocrx_word' id='word_1_248' title='bbox 1101 2544 1325 2593; x_wconf 88' lang='lat' dir='ltr'>altaribus</span> <span class='ocrx_word' id='word_1_249' title='bbox 1343 2552 1654 2610; x_wconf 83' lang='lat' dir='ltr'>temperaret,</span> <span class='ocrx_word' id='word_1_250' title='bbox 1673 2558 1803 2591; x_wconf 86' lang='lat' dir='ltr'>oom-</span> 
     </span>
     <span class='ocr_line' id='line_1_31' title="bbox 378 2624 1275 2691; baseline -0.003 -21"><span class='ocrx_word' id='word_1_251' title='bbox 378 2647 401 2670; x_wconf 85' lang='lat'>«</span> <span class='ocrx_word' id='word_1_252' title='bbox 430 2635 612 2673; x_wconf 90' lang='lat' dir='ltr'>meatus</span> <span class='ocrx_word' id='word_1_253' title='bbox 635 2624 851 2691; x_wconf 86' lang='lat' dir='ltr'>publicos</span> <span class='ocrx_word' id='word_1_254' title='bbox 875 2624 1224 2672; x_wconf 88' lang='lat' dir='ltr'>intercluderet.</span> <span class='ocrx_word' id='word_1_255' title='bbox 1252 2643 1275 2668; x_wconf 91' lang='lat'>»</span> 
     </span>
    </p>
   </div>
   <div class='ocr_carea' id='block_1_3' title="bbox 422 2718 646 2773">
    <p class='ocr_par' dir='ltr' id='par_1_3' title="bbox 422 2718 646 2773">
     <span class='ocr_line' id='line_1_32' title="bbox 422 2718 646 2773; baseline -0.009 0"><span class='ocrx_word' id='word_1_256' title='bbox 422 2740 431 2759; x_wconf 91' lang='lat'><strong>·</strong></span> <span class='ocrx_word' id='word_1_257' title='bbox 458 2739 543 2773; x_wconf 83' lang='lat' dir='ltr'>Otto</span> <span class='ocrx_word' id='word_1_258' title='bbox 559 2738 613 2772; x_wconf 58' lang='lat' dir='ltr'>cd.</span> <span class='ocrx_word' id='word_1_259' title='bbox 643 2718 646 2721; x_wconf 67' lang='grc'>’</span> 
     </span>
    </p>
   </div>
   <div class='ocr_carea' id='block_1_4' title="bbox 419 2794 867 2840">
    <p class='ocr_par' dir='ltr' id='par_1_4' title="bbox 419 2794 867 2840">
     <span class='ocr_line' id='line_1_33' title="bbox 419 2794 867 2840; baseline -0.007 -12"><span class='ocrx_word' id='word_1_260' title='bbox 419 2797 434 2814; x_wconf 74' lang='lat'>‘²</span> <span class='ocrx_word' id='word_1_261' title='bbox 459 2795 505 2829; x_wconf 87' lang='lat' dir='ltr'>ita</span> <span class='ocrx_word' id='word_1_262' title='bbox 523 2794 591 2828; x_wconf 78' lang='lat' dir='ltr'>hoc</span> <span class='ocrx_word' id='word_1_263' title='bbox 607 2803 762 2840; x_wconf 87' lang='lat' dir='ltr'>tempore</span> <span class='ocrx_word' id='word_1_264' title='bbox 778 2807 797 2828; x_wconf 89' lang='lat' dir='ltr'>a</span> <span class='ocrx_word' id='word_1_265' title='bbox 815 2794 867 2826; x_wconf 72' lang='lat' dir='ltr'>cd.</span> 
     </span>
    </p>
   </div>
  </div>
 </body>
</html>
