1872 3372
368 272 446 311 1⁵6
852 270 1073 313 memini
1106 270 1206 311 Lm.
1242 271 1314 311 lv,

362 376 384 400 u
417 365 468 403 ut
482 355 805 420 unusquisque
823 355 954 420 quod
973 356 1220 421 singularis
1234 373 1262 405 a
1281 359 1383 404 Deo
1403 355 1568 404 (latum
1585 356 1809 415 haberet,

363 454 387 479 κ
415 433 494 481 hic
532 450 695 481 coram
737 434 993 482 consulens
1026 445 1134 501 post
1173 435 1464 495 effunderet3
1507 445 1560 483 ut
1592 434 1801 484 collectis

362 533 387 558 «
416 511 712 576 singulorum
754 513 1022 573 sententiis,
1068 530 1254 563 summa
1297 515 1441 563 totius
1485 513 1700 575 consilii,v
1740 529 1799 562 ex

363 611 386 636 α
416 590 732 639 multitudiuis
754 606 908 639 massa
930 590 1292 640 deformaretur.
1323 592 1544 641 Reductis
1566 608 1682 659 ergo
1699 591 1802 656 jam

363 690 387 714 «
417 686 547 717 nunc
570 668 711 716 nobis
736 669 783 716 in
805 686 955 717 unum
972 705 985 730 ‚
1014 669 1162 718 multa
1191 669 1471 737 prudentia,
1507 667 1798 729 multa'fl‘de,

363 768 387 793 «
416 746 679 795 videndum
698 757 794 807 est,
818 764 879 795 ne
904 758 987 795 aut
1011 747 1180 796 odium
1204 748 1439 798 rationem
1469 748 1694 816 dissipet,
1721 757 1803 796 aut

363 851 386 874 «
417 847 554 877 amor
586 830 831 879 veritatem
871 841 1080 880 enervet.
1121 834 1227 880 Non
1267 831 1543 897 ignoramus
1573 830 1804 881 Kal-olum

366 930 388 953 «
420 909 627 957 fautores
668 925 782 956 suos
816 908 1017 969 habere,
1058 910 1142 975 qui
1175 926 1286 957 eum
1319 909 1521 974 dignum
1555 925 1709 975 regno
1748 925 1807 957 ex

365 1013 387 1036 «
419 1001 673 1058 parentum
697 991 953 1039 collatione
981 992 1292 1040 contendant.
1322 991 1418 1040 Sed
1441 993 1482 1040 si
1509 991 1572 1040 de
1592 991 1808 1119 bxp-

367 1092 388 1114 u
421 1081 514 1130 tur,
543 1086 633 1118 nec
668 1086 869 1134 regnum
892 1071 999 1134 jure
1023 1070 1313 1118 hereditario
1338 1069 1635 1136 adquiritur,
1756 1071 1807 1118 in

368 1168 390 1191 «
421 1164 621 1212 regnum
640 1148 1001 1214 promovendus
1028 1158 1098 1196 est
1123 1149 1212 1195 nisi
1237 1165 1382 1214 quem
1402 1164 1503 1196 non
1529 1147 1688 1197 solum
1704 1158 1810 1196 cor·

366 1246 389 1272 «
418 1227 551 1292 poris
574 1225 821 1285 nobilium,
850 1226 934 1274 sed
955 1236 1001 1274 et
1025 1227 1173 1274 animi
1191 1226 1421 1293 sapientia
1434 1218 1819 1287 illustratjfldes·

364 1322 387 1347 «
418 1304 596 1362 munit,
628 1305 992 1369 magnanimitas
1022 1304 1194 1353 firmat.
1235 1306 1455 1371 Legimus
1477 1305 1529 1354 in
1558 1302 1810 1354 annalibus

365 1402 388 1425 «
419 1381 665 1429 clarissimi
686 1383 871 1447 generis
894 1382 1262 1449 imperatoribus
1286 1384 1472 1449 ignavia
1496 1382 1558 1432 ab
1582 1383 1811 1450 dignitate

365 1479 389 1505 «
418 1461 744 1527 praecipitatis,
780 1461 897 1508 alios
922 1462 1070 1509 modo
1098 1478 1264 1528 pares,
1294 1462 1444 1510 modo
1473 1462 1680 1529 impares
1706 1479 1812 1511 suc-

368 1557 392 1583 «
420 1540 629 1587 cessisse.
668 1540 762 1587 Sed
803 1540 920 1605 quid
950 1540 1150 1605 dignum
1185 1540 1362 1588 Karolo
1396 1541 1603 1589 conferri
1626 1550 1808 1608 potest,

368 1637 392 1660 α
421 1634 565 1683 quem
585 1618 704 1666 fides
731 1635 830 1666 non
856 1619 996 1684 regit,
1022 1629 1190 1684 torpor
1208 1629 1428 1681 enervat,
1459 1629 1704 1686 postremo
1728 1621 1812 1686 qui

367 1717 388 1741 «
420 1707 550 1744 tanta
574 1699 740 1764 capitis
759 1698 1095 1746 imminutione
1113 1697 1296 1758 hebuit,
1320 1708 1374 1746 ut
1388 1708 1586 1747 externo
1603 1698 1702 1764 regi
1716 1715 1813 1747 ser-

368 1794 391 1819 «
421 1774 521 1822 vire
546 1791 646 1822 non
664 1774 933 1835 horr-uenit,
956 1785 1003 1823 et
1021 1791 1222 1823 uxorem
1240 1775 1302 1822 de
1318 1774 1510 1823 militari
1527 1774 1700 1834 ordine
1722 1774 1813 1825 sihi

367 1873 391 1897 «
419 1853 652 1919 imparem
671 1853 891 1901 duxerit?
917 1853 1178 1912 Quomodo
1195 1870 1309 1919 ergo
1329 1870 1531 1919 magnus
1554 1852 1654 1904 dux
1670 1853 1815 1921 patie-

369 1950 393 1975 «
420 1942 497 1979 tur
515 1932 575 1980 de
593 1933 690 1980 suis
709 1932 936 1980 militibus
955 1932 1180 1980 feminam
1199 1943 1441 1999 sumptam
1459 1932 1672 1999 reginam
1689 1931 1811 1994 fieri,

369 2029 393 2055 «
420 2009 605 2074 sibique
641 2010 917 2058 dominari?
944 2010 1205 2068 Quomodo
1245 2011 1388 2077 capiti
1423 2027 1511 2059 suo
1534 2019 1811 2077 praeponet,

371 2108 395 2132 «
422 2088 556 2153 cujus
572 2106 711 2155 pares
736 2099 783 2136 et
801 2090 942 2137 etiam
968 2090 1174 2153 majores
1193 2089 1279 2137 sibi
1308 2106 1463 2155 genua
1482 2090 1705 2150 flectunt,
1733 2105 1816 2156 pe-

370 2188 392 2212 «
422 2166 658 2233 dibusque
692 2184 861 2215 manus
898 2168 1207 2236 supponunt?
1245 2168 1555 2217 Considerate
1584 2185 1688 2217 rem
1712 2166 1817 2216 dili·

371 2266 393 2292 «
424 2257 606 2312 genter,
641 2257 688 2295 et
722 2247 951 2295 Karolum
986 2264 1072 2295 sua
1109 2247 1258 2313 magis
1298 2247 1439 2314 culpa
1472 2247 1815 2314 praecipitatum

369 2345 393 2370 «
423 2341 570 2390 quam
594 2324 748 2372 aliena
771 2325 945 2374 videte.
977 2326 1059 2374 Rei
1076 2324 1278 2391 publicae
1295 2324 1644 2373 beatitudinem
1667 2321 1817 2390 magis

369 2423 394 2448 «
423 2420 570 2469 quam
586 2403 902 2452 calamitatem
926 2414 1089 2470 optate
1111 2423 1121 2451 ε
1143 2404 1181 2452 si
1200 2421 1306 2452 eam
1327 2403 1564 2452 infelicem
1593 2402 1698 2452 fieri
1716 2402 1819 2469 yul·

372 2502 396 2526 α
428 2482 513 2543 tis,
546 2482 778 2530 Karolum
809 2493 1119 2548 promovete3
1154 2484 1191 2530 si
1228 2483 1548 2544 fortunatam,
1577 2482 1819 2548 egregium

375 2579 399 2604 «
428 2559 604 2608 ducem
618 2563 872 2624 Hugonem
889 2561 938 2608 in
958 2565 1161 2625 regnum
1176 2570 1421 2608 coronate.
1441 2562 1510 2608 Ne
1523 2575 1638 2625 ergo
1654 2557 1821 2614 Karoli

371 2660 394 2685 «
422 2655 559 2686 amor
581 2655 822 2704 quemque
843 2639 1032 2699 illiciat,
1062 2657 1151 2688 nec
1179 2639 1348 2686 odium
1378 2638 1515 2686 ducis
1537 2637 1600 2686 ab
1617 2637 1820 2685 utilitate

371 2737 394 2760 «
424 2717 669 2765 communi
703 2717 965 2782 quemlibet
991 2728 1226 2765 amoveat.
1265 2721 1384 2764 Nam
1418 2717 1457 2764 si
1481 2715 1668 2764 bonum
1691 2715 1817 2763 vitu·

370 2814 392 2836 «
423 2794 617 2858 percus,
647 2794 896 2859 quomodo
924 2795 1100 2844 malum
1128 2795 1412 2843 laudabitis?
1438 2794 1486 2841 Si
1513 2793 1694 2842 malum
1717 2792 1819 2841 lau-
