<?xml version="1.0" encoding="UTF-8"?>
<!DOCTYPE html PUBLIC "-//W3C//DTD XHTML 1.0 Transitional//EN"
    "http://www.w3.org/TR/xhtml1/DTD/xhtml1-transitional.dtd">
<html xmlns="http://www.w3.org/1999/xhtml" xml:lang="en" lang="en">
 <head>
  <title>
</title>
<meta http-equiv="Content-Type" content="text/html;charset=utf-8" />
  <meta name='ocr-system' content='tesseract 3.04.00' />
  <meta name='ocr-capabilities' content='ocr_page ocr_carea ocr_par ocr_line ocrx_word'/>
</head>
<body>
  <div class='ocr_page' id='page_1' title='image "./richerhistoirede02richuoft_0058.png"; bbox 0 0 1890 3380; ppageno 0'>
   <div class='ocr_carea' id='block_1_1' title="bbox 396 259 1655 431">
    <p class='ocr_par' dir='ltr' id='par_1_1' title="bbox 396 259 1655 431">
     <span class='ocr_line' id='line_1_1' title="bbox 396 259 1343 303; baseline -0.003 0"><span class='ocrx_word' id='word_1_1' title='bbox 396 266 451 303; x_wconf 78' lang='lat'><strong>50</strong></span> <span class='ocrx_word' id='word_1_2' title='bbox 873 259 1095 302; x_wconf 72' lang='lat' dir='ltr'>RICHERI</span> <span class='ocrx_word' id='word_1_3' title='bbox 1128 259 1230 301; x_wconf 77' lang='lat' dir='ltr'><strong>LIB.</strong></span> <span class='ocrx_word' id='word_1_4' title='bbox 1264 259 1343 300; x_wconf 81' lang='grc' dir='ltr'><strong>ΠΙ.</strong></span> 
     </span>
     <span class='ocr_line' id='line_1_2' title="bbox 557 379 1655 431; baseline -0.002 -14"><span class='ocrx_word' id='word_1_5' title='bbox 557 383 667 421; x_wconf 79' lang='grc' dir='ltr'><strong>ΧΙΝ.</strong></span> <span class='ocrx_word' id='word_1_6' title='bbox 680 401 729 410; x_wconf 91' lang='grc'>-</span> <span class='ocrx_word' id='word_1_7' title='bbox 740 379 848 425; x_wconf 89' lang='lat' dir='ltr'><strong>Quod</strong></span> <span class='ocrx_word' id='word_1_8' title='bbox 867 382 912 417; x_wconf 72' lang='lat' dir='ltr'><strong>ab</strong></span> <span class='ocrx_word' id='word_1_9' title='bbox 923 383 942 403; x_wconf 74' lang='lat'><em>⁶</em></span> <span class='ocrx_word' id='word_1_10' title='bbox 958 382 1089 418; x_wconf 72' lang='lat' dir='ltr'><strong>ottone</strong></span> <span class='ocrx_word' id='word_1_11' title='bbox 1106 394 1185 431; x_wconf 74' lang='lat' dir='ltr'><strong>rege</strong></span> <span class='ocrx_word' id='word_1_12' title='bbox 1207 382 1323 429; x_wconf 75' lang='lat' dir='ltr'><strong>logico</strong></span> <span class='ocrx_word' id='word_1_13' title='bbox 1342 381 1546 419; x_wconf 68' lang='lat' dir='ltr'><strong>comminus</strong></span> <span class='ocrx_word' id='word_1_14' title='bbox 1558 381 1577 404; x_wconf 69' lang='lat'><strong>‘</strong></span> <span class='ocrx_word' id='word_1_15' title='bbox 1598 380 1655 416; x_wconf 72' lang='lat' dir='ltr'><strong>nit.</strong></span> 
     </span>
    </p>
   </div>
   <div class='ocr_carea' id='block_1_2' title="bbox 386 479 1837 1475">
    <p class='ocr_par' dir='ltr' id='par_1_2' title="bbox 386 479 1837 1475">
     <span class='ocr_line' id='line_1_3' title="bbox 459 479 1835 551; baseline -0.001 -18"><span class='ocrx_word' id='word_1_16' title='bbox 459 487 570 545; x_wconf 92' lang='lat' dir='ltr'><strong>Quo</strong></span> <span class='ocrx_word' id='word_1_17' title='bbox 603 495 818 551; x_wconf 85' lang='lat' dir='ltr'><strong>tempore</strong></span> <span class='ocrx_word' id='word_1_18' title='bbox 835 487 895 532; x_wconf 89' lang='lat' dir='ltr'><strong>G.</strong></span> <span class='ocrx_word' id='word_1_19' title='bbox 913 520 925 544; x_wconf 98' lang='lat'><strong>,</strong></span> <span class='ocrx_word' id='word_1_20' title='bbox 954 485 1257 533; x_wconf 81' lang='lat' dir='ltr'><strong>Remensium</strong></span> <span class='ocrx_word' id='word_1_21' title='bbox 1282 481 1671 541; x_wconf 83' lang='lat' dir='ltr'><strong>archidiaconus,</strong></span> <span class='ocrx_word' id='word_1_22' title='bbox 1698 480 1751 530; x_wconf 86' lang='lat' dir='ltr'><strong>in</strong></span> <span class='ocrx_word' id='word_1_23' title='bbox 1767 479 1835 531; x_wconf 75' lang='lat' dir='ltr'><strong>lo-</strong></span> 
     </span>
     <span class='ocr_line' id='line_1_4' title="bbox 393 560 1836 631; baseline -0.001 -18"><span class='ocrx_word' id='word_1_24' title='bbox 393 565 495 631; x_wconf 86' lang='lat' dir='ltr'><strong>gica</strong></span> <span class='ocrx_word' id='word_1_25' title='bbox 519 563 806 613; x_wconf 75' lang='lat' dir='ltr'><strong>clarissimus</strong></span> <span class='ocrx_word' id='word_1_26' title='bbox 828 563 1107 613; x_wconf 79' lang='lat' dir='ltr'><strong>habebatur.</strong></span> <span class='ocrx_word' id='word_1_27' title='bbox 1131 563 1225 622; x_wconf 91' lang='lat' dir='ltr'><strong>Qui</strong></span> <span class='ocrx_word' id='word_1_28' title='bbox 1244 563 1387 611; x_wconf 88' lang='lat' dir='ltr'><strong>etiam</strong></span> <span class='ocrx_word' id='word_1_29' title='bbox 1405 577 1433 610; x_wconf 88' lang='lat' dir='ltr'><strong>a</strong></span> <span class='ocrx_word' id='word_1_30' title='bbox 1453 560 1678 610; x_wconf 70' lang='lat' dir='ltr'><strong>Lothaiio</strong></span> <span class='ocrx_word' id='word_1_31' title='bbox 1695 562 1836 611; x_wconf 79' lang='lat' dir='ltr'><strong>Fran-</strong></span> 
     </span>
     <span class='ocr_line' id='line_1_5' title="bbox 392 637 1834 709; baseline -0.003 -17"><span class='ocrx_word' id='word_1_32' title='bbox 392 661 562 692; x_wconf 80' lang='lat' dir='ltr'><strong>corum</strong></span> <span class='ocrx_word' id='word_1_33' title='bbox 590 660 724 709; x_wconf 89' lang='lat' dir='ltr'><strong>rege,</strong></span> <span class='ocrx_word' id='word_1_34' title='bbox 754 642 923 691; x_wconf 88' lang='lat' dir='ltr'><strong>eadem</strong></span> <span class='ocrx_word' id='word_1_35' title='bbox 952 651 1255 709; x_wconf 77' lang='lat' dir='ltr'><strong>tempestate,</strong></span> <span class='ocrx_word' id='word_1_36' title='bbox 1278 640 1445 689; x_wconf 89' lang='lat' dir='ltr'><strong>Ottoni</strong></span> <span class='ocrx_word' id='word_1_37' title='bbox 1464 640 1577 706; x_wconf 86' lang='lat' dir='ltr'><strong>regi</strong></span> <span class='ocrx_word' id='word_1_38' title='bbox 1595 638 1738 688; x_wconf 76' lang='lat' dir='ltr'><strong>ltaliae</strong></span> <span class='ocrx_word' id='word_1_39' title='bbox 1765 637 1834 688; x_wconf 86' lang='lat' dir='ltr'><strong>le-</strong></span> 
     </span>
     <span class='ocr_line' id='line_1_6' title="bbox 393 717 1831 787; baseline -0.001 -17"><span class='ocrx_word' id='word_1_40' title='bbox 393 732 528 787; x_wconf 88' lang='lat' dir='ltr'><strong>gatus</strong></span> <span class='ocrx_word' id='word_1_41' title='bbox 554 721 762 770; x_wconf 89' lang='lat' dir='ltr'><strong>directus</strong></span> <span class='ocrx_word' id='word_1_42' title='bbox 785 731 871 771; x_wconf 90' lang='lat' dir='ltr'><strong>est.</strong></span> <span class='ocrx_word' id='word_1_43' title='bbox 901 721 1047 785; x_wconf 90' lang='lat' dir='ltr'><strong>Cujus</strong></span> <span class='ocrx_word' id='word_1_44' title='bbox 1071 719 1281 769; x_wconf 84' lang='lat' dir='ltr'><strong>adventu</strong></span> <span class='ocrx_word' id='word_1_45' title='bbox 1306 719 1497 784; x_wconf 88' lang='lat' dir='ltr'><strong>juvenis</strong></span> <span class='ocrx_word' id='word_1_46' title='bbox 1514 717 1802 768; x_wconf 83' lang='lat' dir='ltr'><strong>exhilaratus</strong></span> <span class='ocrx_word' id='word_1_47' title='bbox 1818 755 1831 779; x_wconf 93' lang='lat'><strong>,</strong></span> 
     </span>
     <span class='ocr_line' id='line_1_7' title="bbox 393 798 1830 867; baseline -0.002 -17"><span class='ocrx_word' id='word_1_48' title='bbox 393 818 553 867; x_wconf 87' lang='lat' dir='ltr'><strong>regem</strong></span> <span class='ocrx_word' id='word_1_49' title='bbox 589 799 722 860; x_wconf 90' lang='lat' dir='ltr'><strong>adiit,</strong></span> <span class='ocrx_word' id='word_1_50' title='bbox 753 809 897 865; x_wconf 88' lang='lat' dir='ltr'><strong>atque</strong></span> <span class='ocrx_word' id='word_1_51' title='bbox 922 809 974 847; x_wconf 93' lang='lat' dir='ltr'><strong>ut</strong></span> <span class='ocrx_word' id='word_1_52' title='bbox 1001 801 1162 848; x_wconf 91' lang='lat' dir='ltr'><strong>G....o</strong></span> <span class='ocrx_word' id='word_1_53' title='bbox 1195 798 1574 847; x_wconf 88' lang='lat' dir='ltr'><strong>committeretur</strong></span> <span class='ocrx_word' id='word_1_54' title='bbox 1605 798 1830 866; x_wconf 87' lang='lat' dir='ltr'><strong>optinuit.</strong></span> 
     </span>
     <span class='ocr_line' id='line_1_8' title="bbox 393 875 1835 944; baseline 0.001 -17"><span class='ocrx_word' id='word_1_55' title='bbox 393 880 446 927; x_wconf 86' lang='lat' dir='ltr'><strong>Ei</strong></span> <span class='ocrx_word' id='word_1_56' title='bbox 471 881 631 928; x_wconf 87' lang='lat' dir='ltr'><strong>G....o</strong></span> <span class='ocrx_word' id='word_1_57' title='bbox 649 895 735 944; x_wconf 90' lang='lat' dir='ltr'><strong>per</strong></span> <span class='ocrx_word' id='word_1_58' title='bbox 763 877 946 943; x_wconf 84' lang='lat' dir='ltr'><strong>aliquot</strong></span> <span class='ocrx_word' id='word_1_59' title='bbox 971 888 1189 944; x_wconf 89' lang='lat' dir='ltr'><strong>tempora</strong></span> <span class='ocrx_word' id='word_1_60' title='bbox 1211 876 1363 937; x_wconf 61' lang='lat' dir='ltr'><strong>haesit,</strong></span> <span class='ocrx_word' id='word_1_61' title='bbox 1394 878 1664 942; x_wconf 81' lang='lat' dir='ltr'><strong>Remosque</strong></span> <span class='ocrx_word' id='word_1_62' title='bbox 1687 875 1751 928; x_wconf 83' lang='lat' dir='ltr'><strong>ab</strong></span> <span class='ocrx_word' id='word_1_63' title='bbox 1774 893 1835 927; x_wconf 80' lang='lat' dir='ltr'><strong>eo</strong></span> 
     </span>
     <span class='ocr_line' id='line_1_9' title="bbox 390 953 1832 1021; baseline -0.001 -16"><span class='ocrx_word' id='word_1_64' title='bbox 390 957 626 1006; x_wconf 89' lang='lat' dir='ltr'><strong>deductus</strong></span> <span class='ocrx_word' id='word_1_65' title='bbox 651 967 738 1005; x_wconf 89' lang='lat' dir='ltr'><strong>est.</strong></span> <span class='ocrx_word' id='word_1_66' title='bbox 768 960 803 1004; x_wconf 85' lang='grc' dir='ltr'><strong>Α</strong></span> <span class='ocrx_word' id='word_1_67' title='bbox 828 972 928 1021; x_wconf 92' lang='lat' dir='ltr'><strong>quo</strong></span> <span class='ocrx_word' id='word_1_68' title='bbox 952 956 1095 1003; x_wconf 89' lang='lat' dir='ltr'><strong>etiam</strong></span> <span class='ocrx_word' id='word_1_69' title='bbox 1113 954 1279 1020; x_wconf 86' lang='lat' dir='ltr'><strong>logicae</strong></span> <span class='ocrx_word' id='word_1_70' title='bbox 1303 953 1550 1002; x_wconf 84' lang='lat' dir='ltr'><strong>scientiam</strong></span> <span class='ocrx_word' id='word_1_71' title='bbox 1572 953 1832 1021; x_wconf 80' lang='lat' dir='ltr'><strong>accipiens,</strong></span> 
     </span>
     <span class='ocr_line' id='line_1_10' title="bbox 390 1032 1837 1100; baseline -0.002 -16"><span class='ocrx_word' id='word_1_72' title='bbox 390 1037 438 1084; x_wconf 90' lang='lat' dir='ltr'><strong>in</strong></span> <span class='ocrx_word' id='word_1_73' title='bbox 463 1035 596 1083; x_wconf 87' lang='lat' dir='ltr'><strong>brevi</strong></span> <span class='ocrx_word' id='word_1_74' title='bbox 627 1034 894 1083; x_wconf 83' lang='lat' dir='ltr'><strong>admodum</strong></span> <span class='ocrx_word' id='word_1_75' title='bbox 918 1034 1143 1100; x_wconf 78' lang='lat' dir='ltr'><strong>profecit3</strong></span> <span class='ocrx_word' id='word_1_76' title='bbox 1170 1035 1324 1081; x_wconf 90' lang='lat' dir='ltr'><strong>G....s</strong></span> <span class='ocrx_word' id='word_1_77' title='bbox 1350 1049 1467 1082; x_wconf 87' lang='lat' dir='ltr'><strong>vero</strong></span> <span class='ocrx_word' id='word_1_78' title='bbox 1491 1048 1605 1081; x_wconf 86' lang='lat' dir='ltr'><strong>cum</strong></span> <span class='ocrx_word' id='word_1_79' title='bbox 1632 1032 1837 1086; x_wconf 79' lang='lat' dir='ltr'><strong>mathesi</strong></span> 
     </span>
     <span class='ocr_line' id='line_1_11' title="bbox 388 1110 1836 1179; baseline 0.001 -19"><span class='ocrx_word' id='word_1_80' title='bbox 388 1128 587 1179; x_wconf 80' lang='lat' dir='ltr'><strong>operam</strong></span> <span class='ocrx_word' id='word_1_81' title='bbox 605 1112 757 1171; x_wconf 88' lang='lat' dir='ltr'><strong>daret,</strong></span> <span class='ocrx_word' id='word_1_82' title='bbox 777 1112 890 1160; x_wconf 84' lang='lat' dir='ltr'><strong>artis</strong></span> <span class='ocrx_word' id='word_1_83' title='bbox 906 1111 1184 1160; x_wconf 86' lang='lat' dir='ltr'><strong>difficultate</strong></span> <span class='ocrx_word' id='word_1_84' title='bbox 1200 1112 1370 1170; x_wconf 85' lang='lat' dir='ltr'><strong>victus,</strong></span> <span class='ocrx_word' id='word_1_85' title='bbox 1391 1127 1420 1159; x_wconf 89' lang='lat' dir='ltr'><strong>a</strong></span> <span class='ocrx_word' id='word_1_86' title='bbox 1435 1111 1617 1160; x_wconf 83' lang='lat' dir='ltr'><strong>musica</strong></span> <span class='ocrx_word' id='word_1_87' title='bbox 1633 1110 1836 1176; x_wconf 79' lang='lat' dir='ltr'><strong>rejectus</strong></span> 
     </span>
     <span class='ocr_line' id='line_1_12' title="bbox 386 1189 1834 1256; baseline 0 -16"><span class='ocrx_word' id='word_1_88' title='bbox 386 1201 472 1240; x_wconf 88' lang='lat' dir='ltr'><strong>est.</strong></span> <span class='ocrx_word' id='word_1_89' title='bbox 516 1190 776 1239; x_wconf 89' lang='lat' dir='ltr'><strong>Gerbertus</strong></span> <span class='ocrx_word' id='word_1_90' title='bbox 812 1191 991 1238; x_wconf 87' lang='lat' dir='ltr'><strong>interea</strong></span> <span class='ocrx_word' id='word_1_91' title='bbox 1024 1190 1293 1238; x_wconf 92' lang='lat' dir='ltr'><strong>studiorum</strong></span> <span class='ocrx_word' id='word_1_92' title='bbox 1328 1189 1578 1239; x_wconf 79' lang='lat' dir='ltr'><strong>nobilitate</strong></span> <span class='ocrx_word' id='word_1_93' title='bbox 1607 1190 1834 1256; x_wconf 78' lang='lat' dir='ltr'><strong>praedicto</strong></span> 
     </span>
     <span class='ocr_line' id='line_1_13' title="bbox 388 1268 1836 1336; baseline 0 -18"><span class='ocrx_word' id='word_1_94' title='bbox 388 1268 759 1336; x_wconf 87' lang='lat' dir='ltr'><strong>metropolitano</strong></span> <span class='ocrx_word' id='word_1_95' title='bbox 787 1268 1170 1329; x_wconf 57' lang='lat' dir='ltr'><strong>commendam,</strong></span> <span class='ocrx_word' id='word_1_96' title='bbox 1205 1268 1307 1332; x_wconf 88' lang='lat' dir='ltr'><strong>ejus</strong></span> <span class='ocrx_word' id='word_1_97' title='bbox 1334 1268 1536 1334; x_wconf 82' lang='lat' dir='ltr'><strong>gratiam</strong></span> <span class='ocrx_word' id='word_1_98' title='bbox 1563 1285 1662 1335; x_wconf 81' lang='lat' dir='ltr'><strong>prae</strong></span> <span class='ocrx_word' id='word_1_99' title='bbox 1677 1270 1836 1318; x_wconf 89' lang='lat' dir='ltr'><strong>omni·</strong></span> 
     </span>
     <span class='ocr_line' id='line_1_14' title="bbox 386 1346 1834 1415; baseline 0 -18"><span class='ocrx_word' id='word_1_100' title='bbox 386 1347 478 1397; x_wconf 92' lang='lat' dir='ltr'><strong>bus</strong></span> <span class='ocrx_word' id='word_1_101' title='bbox 503 1348 786 1415; x_wconf 90' lang='lat' dir='ltr'><strong>promeruit.</strong></span> <span class='ocrx_word' id='word_1_102' title='bbox 820 1347 960 1395; x_wconf 88' lang='lat' dir='ltr'><strong>Unde</strong></span> <span class='ocrx_word' id='word_1_103' title='bbox 991 1356 1038 1395; x_wconf 88' lang='lat' dir='ltr'><strong>et</strong></span> <span class='ocrx_word' id='word_1_104' title='bbox 1069 1346 1131 1394; x_wconf 89' lang='lat' dir='ltr'><strong>ab</strong></span> <span class='ocrx_word' id='word_1_105' title='bbox 1161 1364 1221 1395; x_wconf 90' lang='lat' dir='ltr'><strong>eo</strong></span> <span class='ocrx_word' id='word_1_106' title='bbox 1253 1357 1463 1412; x_wconf 75' lang='lat' dir='ltr'><strong>rogatuS,</strong></span> <span class='ocrx_word' id='word_1_107' title='bbox 1485 1346 1834 1415; x_wconf 87' lang='lat' dir='ltr'><strong>discipulorum</strong></span> 
     </span>
     <span class='ocr_line' id='line_1_15' title="bbox 387 1424 1407 1475; baseline -0.002 -1"><span class='ocrx_word' id='word_1_108' title='bbox 387 1436 568 1474; x_wconf 88' lang='lat' dir='ltr'><strong>turmas</strong></span> <span class='ocrx_word' id='word_1_109' title='bbox 591 1425 773 1475; x_wconf 90' lang='lat' dir='ltr'><strong>artibus</strong></span> <span class='ocrx_word' id='word_1_110' title='bbox 791 1425 1094 1474; x_wconf 87' lang='lat' dir='ltr'><strong>instruendas</strong></span> <span class='ocrx_word' id='word_1_111' title='bbox 1110 1426 1153 1473; x_wconf 90' lang='lat' dir='ltr'><strong>ei</strong></span> <span class='ocrx_word' id='word_1_112' title='bbox 1172 1424 1407 1473; x_wconf 86' lang='lat' dir='ltr'><strong>adhibuit.</strong></span> 
     </span>
    </p>
   </div>
   <div class='ocr_carea' id='block_1_3' title="bbox 409 1560 1804 1606">
    <p class='ocr_par' dir='ltr' id='par_1_3' title="bbox 409 1560 1804 1606">
     <span class='ocr_line' id='line_1_16' title="bbox 409 1560 1804 1606; baseline -0.001 -8"><span class='ocrx_word' id='word_1_113' title='bbox 409 1562 542 1599; x_wconf 78' lang='lat' dir='ltr'><strong>XLVI.</strong></span> <span class='ocrx_word' id='word_1_114' title='bbox 556 1582 604 1589; x_wconf 94' lang='lat'><strong>—</strong></span> <span class='ocrx_word' id='word_1_115' title='bbox 619 1562 734 1606; x_wconf 82' lang='lat' dir='ltr'><strong>Quem</strong></span> <span class='ocrx_word' id='word_1_116' title='bbox 755 1561 918 1597; x_wconf 84' lang='lat' dir='ltr'><strong>ordinem</strong></span> <span class='ocrx_word' id='word_1_117' title='bbox 935 1563 979 1584; x_wconf 67' lang='lat'><strong>*⁴</strong></span> <span class='ocrx_word' id='word_1_118' title='bbox 1001 1562 1174 1596; x_wconf 86' lang='lat' dir='ltr'><strong>librorum</strong></span> <span class='ocrx_word' id='word_1_119' title='bbox 1187 1560 1227 1582; x_wconf 69' lang='lat'><strong>*⁴⁸</strong></span> <span class='ocrx_word' id='word_1_120' title='bbox 1250 1561 1287 1595; x_wconf 88' lang='lat' dir='ltr'><strong>in</strong></span> <span class='ocrx_word' id='word_1_121' title='bbox 1304 1560 1471 1596; x_wconf 89' lang='lat' dir='ltr'><strong>docendo</strong></span> <span class='ocrx_word' id='word_1_122' title='bbox 1485 1560 1530 1584; x_wconf 67' lang='lat'><strong>*⁸</strong></span> <span class='ocrx_word' id='word_1_123' title='bbox 1546 1561 1735 1597; x_wconf 75' lang='lat' dir='ltr'><strong>servaverit</strong></span> <span class='ocrx_word' id='word_1_124' title='bbox 1745 1563 1804 1597; x_wconf 53' lang='grc' dir='ltr'><strong>θ’.</strong></span> 
     </span>
    </p>
   </div>
   <div class='ocr_carea' id='block_1_4' title="bbox 385 1664 1836 2707">
    <p class='ocr_par' dir='ltr' id='par_1_4' title="bbox 385 1664 1836 2577">
     <span class='ocr_line' id='line_1_17' title="bbox 449 1664 1834 1731; baseline 0.001 -17"><span class='ocrx_word' id='word_1_125' title='bbox 449 1665 756 1714; x_wconf 87' lang='lat' dir='ltr'><strong>Dialecticam</strong></span> <span class='ocrx_word' id='word_1_126' title='bbox 786 1682 900 1730; x_wconf 87' lang='lat' dir='ltr'><strong>ergo</strong></span> <span class='ocrx_word' id='word_1_127' title='bbox 928 1664 1101 1712; x_wconf 85' lang='lat' dir='ltr'><strong>ordine</strong></span> <span class='ocrx_word' id='word_1_128' title='bbox 1128 1664 1364 1712; x_wconf 89' lang='lat' dir='ltr'><strong>librorum</strong></span> <span class='ocrx_word' id='word_1_129' title='bbox 1403 1681 1715 1731; x_wconf 86' lang='lat' dir='ltr'><strong>percurrens,</strong></span> <span class='ocrx_word' id='word_1_130' title='bbox 1762 1665 1834 1715; x_wconf 92' lang='lat' dir='ltr'><strong>di·</strong></span> 
     </span>
     <span class='ocr_line' id='line_1_18' title="bbox 386 1743 1834 1811; baseline 0.001 -19"><span class='ocrx_word' id='word_1_131' title='bbox 386 1743 557 1792; x_wconf 89' lang='lat' dir='ltr'><strong>lucidis</strong></span> <span class='ocrx_word' id='word_1_132' title='bbox 591 1744 935 1792; x_wconf 89' lang='lat' dir='ltr'><strong>sententiarum</strong></span> <span class='ocrx_word' id='word_1_133' title='bbox 971 1743 1127 1791; x_wconf 88' lang='lat' dir='ltr'><strong>verbis</strong></span> <span class='ocrx_word' id='word_1_134' title='bbox 1161 1743 1405 1791; x_wconf 86' lang='lat' dir='ltr'><strong>enodavit.</strong></span> <span class='ocrx_word' id='word_1_135' title='bbox 1443 1743 1668 1811; x_wconf 74' lang='lat' dir='ltr'><strong>Inprimis</strong></span> <span class='ocrx_word' id='word_1_136' title='bbox 1702 1745 1834 1793; x_wconf 86' lang='lat' dir='ltr'><strong>enim</strong></span> 
     </span>
     <span class='ocr_line' id='line_1_19' title="bbox 387 1821 1835 1890; baseline 0.001 -20"><span class='ocrx_word' id='word_1_137' title='bbox 387 1822 626 1890; x_wconf 84' lang='lat' dir='ltr'><strong>Porphirii</strong></span> <span class='ocrx_word' id='word_1_138' title='bbox 659 1838 908 1887; x_wconf 85' lang='lat' dir='ltr'><strong>ysagogas,</strong></span> <span class='ocrx_word' id='word_1_139' title='bbox 947 1821 997 1869; x_wconf 89' lang='lat' dir='ltr'><strong>id</strong></span> <span class='ocrx_word' id='word_1_140' title='bbox 1030 1831 1100 1870; x_wconf 83' lang='lat' dir='ltr'><strong>est</strong></span> <span class='ocrx_word' id='word_1_141' title='bbox 1127 1822 1536 1883; x_wconf 77' lang='lat' dir='ltr'><strong>introductioneS,</strong></span> <span class='ocrx_word' id='word_1_142' title='bbox 1565 1821 1835 1871; x_wconf 83' lang='lat' dir='ltr'><strong>secundum</strong></span> 
     </span>
     <span class='ocr_line' id='line_1_20' title="bbox 387 1899 1833 1960; baseline 0.001 -11"><span class='ocrx_word' id='word_1_143' title='bbox 387 1901 620 1949; x_wconf 90' lang='lat' dir='ltr'><strong>Victorini</strong></span> <span class='ocrx_word' id='word_1_144' title='bbox 647 1899 887 1948; x_wconf 86' lang='lat' dir='ltr'><strong>rhethoris</strong></span> <span class='ocrx_word' id='word_1_145' title='bbox 920 1899 1303 1960; x_wconf 85' lang='lat' dir='ltr'><strong>translationem,</strong></span> <span class='ocrx_word' id='word_1_146' title='bbox 1336 1899 1451 1949; x_wconf 90' lang='lat' dir='ltr'><strong>inde</strong></span> <span class='ocrx_word' id='word_1_147' title='bbox 1472 1901 1618 1950; x_wconf 87' lang='lat' dir='ltr'><strong>etiam</strong></span> <span class='ocrx_word' id='word_1_148' title='bbox 1637 1901 1833 1951; x_wconf 84' lang='lat' dir='ltr'><strong>easdem</strong></span> 
     </span>
     <span class='ocr_line' id='line_1_21' title="bbox 387 1978 1834 2045; baseline -0.001 -17"><span class='ocrx_word' id='word_1_149' title='bbox 387 1979 655 2028; x_wconf 88' lang='lat' dir='ltr'><strong>secundum</strong></span> <span class='ocrx_word' id='word_1_150' title='bbox 674 1979 905 2027; x_wconf 89' lang='lat' dir='ltr'><strong>Manlium</strong></span> <span class='ocrx_word' id='word_1_151' title='bbox 929 1978 1223 2045; x_wconf 83' lang='lat' dir='ltr'><strong>explanavit3</strong></span> <span class='ocrx_word' id='word_1_152' title='bbox 1252 1979 1656 2044; x_wconf 85' lang='lat' dir='ltr'><strong>cathegoriarum,</strong></span> <span class='ocrx_word' id='word_1_153' title='bbox 1683 1978 1735 2029; x_wconf 87' lang='lat' dir='ltr'><strong>id</strong></span> <span class='ocrx_word' id='word_1_154' title='bbox 1762 1989 1834 2028; x_wconf 84' lang='lat' dir='ltr'><strong>est</strong></span> 
     </span>
     <span class='ocr_line' id='line_1_22' title="bbox 386 2055 1836 2123; baseline 0 -19"><span class='ocrx_word' id='word_1_155' title='bbox 386 2057 868 2123; x_wconf 61' lang='lat' dir='ltr'><strong>praedicamentorum</strong></span> <span class='ocrx_word' id='word_1_156' title='bbox 904 2055 1080 2104; x_wconf 80' lang='lat' dir='ltr'><strong>librum</strong></span> <span class='ocrx_word' id='word_1_157' title='bbox 1111 2056 1373 2104; x_wconf 82' lang='lat' dir='ltr'><strong>Aristotelis</strong></span> <span class='ocrx_word' id='word_1_158' title='bbox 1395 2057 1432 2116; x_wconf 78' lang='lat'><strong>‘‚</strong></span> <span class='ocrx_word' id='word_1_159' title='bbox 1481 2066 1836 2123; x_wconf 78' lang='lat' dir='ltr'><strong>consequenter</strong></span> 
     </span>
     <span class='ocr_line' id='line_1_23' title="bbox 387 2134 1835 2202; baseline 0.001 -20"><span class='ocrx_word' id='word_1_160' title='bbox 387 2134 666 2190; x_wconf 87' lang='lat' dir='ltr'><strong>enucleans;</strong></span> <span class='ocrx_word' id='word_1_161' title='bbox 686 2135 1026 2200; x_wconf 89' lang='lat' dir='ltr'><strong>periermenias</strong></span> <span class='ocrx_word' id='word_1_162' title='bbox 1045 2152 1178 2194; x_wconf 92' lang='lat' dir='ltr'><strong>vero,</strong></span> <span class='ocrx_word' id='word_1_163' title='bbox 1207 2134 1258 2182; x_wconf 91' lang='lat' dir='ltr'><strong>id</strong></span> <span class='ocrx_word' id='word_1_164' title='bbox 1275 2145 1347 2183; x_wconf 90' lang='lat' dir='ltr'><strong>est</strong></span> <span class='ocrx_word' id='word_1_165' title='bbox 1363 2134 1425 2183; x_wconf 90' lang='lat' dir='ltr'><strong>de</strong></span> <span class='ocrx_word' id='word_1_166' title='bbox 1441 2135 1835 2202; x_wconf 83' lang='lat' dir='ltr'><strong>interpretatione</strong></span> 
     </span>
     <span class='ocr_line' id='line_1_24' title="bbox 386 2212 1835 2279; baseline 0.001 -18"><span class='ocrx_word' id='word_1_167' title='bbox 386 2212 588 2273; x_wconf 90' lang='lat' dir='ltr'><strong>librum,</strong></span> <span class='ocrx_word' id='word_1_168' title='bbox 616 2213 752 2277; x_wconf 90' lang='lat' dir='ltr'><strong>cujus</strong></span> <span class='ocrx_word' id='word_1_169' title='bbox 785 2213 962 2261; x_wconf 86' lang='lat' dir='ltr'><strong>laboris</strong></span> <span class='ocrx_word' id='word_1_170' title='bbox 989 2214 1072 2272; x_wconf 93' lang='lat' dir='ltr'><strong>sit,</strong></span> <span class='ocrx_word' id='word_1_171' title='bbox 1102 2214 1343 2279; x_wconf 88' lang='lat' dir='ltr'><strong>aptissime</strong></span> <span class='ocrx_word' id='word_1_172' title='bbox 1378 2214 1679 2262; x_wconf 86' lang='lat' dir='ltr'><strong>monstravit.</strong></span> <span class='ocrx_word' id='word_1_173' title='bbox 1716 2212 1835 2262; x_wconf 83' lang='lat' dir='ltr'><strong>Inde</strong></span> 
     </span>
     <span class='ocr_line' id='line_1_25' title="bbox 387 2291 1835 2359; baseline -0.001 -18"><span class='ocrx_word' id='word_1_174' title='bbox 387 2293 531 2341; x_wconf 89' lang='lat' dir='ltr'><strong>etiam</strong></span> <span class='ocrx_word' id='word_1_175' title='bbox 564 2293 740 2359; x_wconf 87' lang='lat' dir='ltr'><strong>topica,</strong></span> <span class='ocrx_word' id='word_1_176' title='bbox 773 2292 821 2340; x_wconf 93' lang='lat' dir='ltr'><strong>id</strong></span> <span class='ocrx_word' id='word_1_177' title='bbox 849 2302 918 2340; x_wconf 91' lang='lat' dir='ltr'><strong>est</strong></span> <span class='ocrx_word' id='word_1_178' title='bbox 943 2302 1337 2358; x_wconf 86' lang='lat' dir='ltr'><strong>argumentorum</strong></span> <span class='ocrx_word' id='word_1_179' title='bbox 1363 2291 1518 2353; x_wconf 90' lang='lat' dir='ltr'><strong>sedes,</strong></span> <span class='ocrx_word' id='word_1_180' title='bbox 1546 2308 1578 2340; x_wconf 87' lang='lat' dir='ltr'><strong>a</strong></span> <span class='ocrx_word' id='word_1_181' title='bbox 1599 2291 1754 2341; x_wconf 84' lang='lat' dir='ltr'><strong>Tullio</strong></span> <span class='ocrx_word' id='word_1_182' title='bbox 1773 2291 1835 2340; x_wconf 90' lang='lat' dir='ltr'><strong>de</strong></span> 
     </span>
     <span class='ocr_line' id='line_1_26' title="bbox 386 2371 1834 2431; baseline 0 -11"><span class='ocrx_word' id='word_1_183' title='bbox 386 2373 542 2420; x_wconf 89' lang='lat' dir='ltr'><strong>Greco</strong></span> <span class='ocrx_word' id='word_1_184' title='bbox 567 2371 617 2419; x_wconf 86' lang='lat' dir='ltr'><strong>iu</strong></span> <span class='ocrx_word' id='word_1_185' title='bbox 650 2372 871 2419; x_wconf 86' lang='lat' dir='ltr'><strong>Latinum</strong></span> <span class='ocrx_word' id='word_1_186' title='bbox 903 2372 1156 2431; x_wconf 88' lang='lat' dir='ltr'><strong>translata,</strong></span> <span class='ocrx_word' id='word_1_187' title='bbox 1184 2382 1232 2420; x_wconf 88' lang='lat' dir='ltr'><strong>et</strong></span> <span class='ocrx_word' id='word_1_188' title='bbox 1262 2389 1291 2420; x_wconf 93' lang='lat' dir='ltr'><strong>a</strong></span> <span class='ocrx_word' id='word_1_189' title='bbox 1315 2371 1492 2419; x_wconf 91' lang='lat' dir='ltr'><strong>Manlio</strong></span> <span class='ocrx_word' id='word_1_190' title='bbox 1530 2371 1730 2422; x_wconf 83' lang='lat' dir='ltr'><strong>consule</strong></span> <span class='ocrx_word' id='word_1_191' title='bbox 1753 2388 1834 2421; x_wconf 81' lang='lat' dir='ltr'><strong>sex</strong></span> 
     </span>
     <span class='ocr_line' id='line_1_27' title="bbox 385 2450 1836 2512; baseline 0 -13"><span class='ocrx_word' id='word_1_192' title='bbox 385 2452 844 2499; x_wconf 88' lang='lat' dir='ltr'><strong>commentariorum</strong></span> <span class='ocrx_word' id='word_1_193' title='bbox 862 2451 995 2499; x_wconf 84' lang='lat' dir='ltr'><strong>libris</strong></span> <span class='ocrx_word' id='word_1_194' title='bbox 1012 2451 1288 2512; x_wconf 86' lang='lat' dir='ltr'><strong>dilucidata,</strong></span> <span class='ocrx_word' id='word_1_195' title='bbox 1318 2452 1415 2500; x_wconf 89' lang='lat' dir='ltr'><strong>suis</strong></span> <span class='ocrx_word' id='word_1_196' title='bbox 1439 2450 1741 2501; x_wconf 84' lang='lat' dir='ltr'><strong>auditoribus</strong></span> <span class='ocrx_word' id='word_1_197' title='bbox 1765 2451 1836 2499; x_wconf 89' lang='lat' dir='ltr'><strong>in-</strong></span> 
     </span>
     <span class='ocr_line' id='line_1_28' title="bbox 386 2522 1708 2577; baseline 0.001 -1"><span class='ocrx_word' id='word_1_198' title='bbox 386 2529 585 2577; x_wconf 82' lang='lat' dir='ltr'><strong>timavit.</strong></span> <span class='ocrx_word' id='word_1_199' title='bbox 1704 2522 1708 2523; x_wconf 36' lang='lat'><em>⁷</em></span> 
     </span>
    </p>

    <p class='ocr_par' dir='ltr' id='par_1_5' title="bbox 432 2664 731 2707">
     <span class='ocr_line' id='line_1_29' title="bbox 432 2664 731 2707; baseline -0.007 -7"><span class='ocrx_word' id='word_1_200' title='bbox 432 2664 454 2688; x_wconf 61' lang='lat'><strong>’</strong></span> <span class='ocrx_word' id='word_1_201' title='bbox 474 2664 540 2707; x_wconf 72' lang='lat' dir='ltr'><strong>ab,</strong></span> <span class='ocrx_word' id='word_1_202' title='bbox 562 2664 628 2699; x_wconf 73' lang='lat' dir='ltr'><strong>miz</strong></span> <span class='ocrx_word' id='word_1_203' title='bbox 643 2664 731 2699; x_wconf 83' lang='lat' dir='ltr'><strong>absc.</strong></span> 
     </span>
    </p>
   </div>
   <div class='ocr_carea' id='block_1_5' title="bbox 433 2720 978 2813">
    <p class='ocr_par' dir='ltr' id='par_1_6' title="bbox 433 2720 978 2813">
     <span class='ocr_line' id='line_1_30' title="bbox 433 2720 978 2766; baseline -0.002 -10"><span class='ocrx_word' id='word_1_204' title='bbox 433 2720 476 2744; x_wconf 63' lang='lat'><strong>*⁵</strong></span> <span class='ocrx_word' id='word_1_205' title='bbox 500 2732 556 2764; x_wconf 87' lang='lat' dir='ltr'><strong>or,</strong></span> <span class='ocrx_word' id='word_1_206' title='bbox 573 2721 656 2764; x_wconf 81' lang='lat' dir='ltr'><strong>libr,</strong></span> <span class='ocrx_word' id='word_1_207' title='bbox 677 2720 740 2766; x_wconf 88' lang='lat' dir='ltr'><strong>do,</strong></span> <span class='ocrx_word' id='word_1_208' title='bbox 759 2734 825 2764; x_wconf 79' lang='lat' dir='ltr'><strong>ser,</strong></span> <span class='ocrx_word' id='word_1_209' title='bbox 845 2722 870 2757; x_wconf 85' lang='lat' dir='ltr'><strong>it</strong></span> <span class='ocrx_word' id='word_1_210' title='bbox 890 2721 978 2756; x_wconf 79' lang='lat' dir='ltr'><strong>absc.</strong></span> 
     </span>
     <span class='ocr_line' id='line_1_31' title="bbox 435 2777 714 2813; baseline -0.004 -1"><span class='ocrx_word' id='word_1_211' title='bbox 435 2777 445 2797; x_wconf 82' lang='lat'>⁸</span> <span class='ocrx_word' id='word_1_212' title='bbox 473 2777 617 2813; x_wconf 70' lang='lat' dir='ltr'><strong>aristelin</strong></span> <span class='ocrx_word' id='word_1_213' title='bbox 638 2777 714 2812; x_wconf 76' lang='lat' dir='ltr'><strong>cod.</strong></span> 
     </span>
    </p>
   </div>
  </div>
 </body>
</html>
