1872 3372
323 254 404 296 238
811 250 1034 293 menam
1066 250 1166 294 ΠΒ.
1201 250 1274 291 lv.

325 363 349 386 «
379 357 503 390 cam.
527 340 689 401 Dud0‚
708 340 867 389 Kar-oli
891 340 1041 397 miles,
1071 340 1288 388 hortatus
1312 348 1382 387 est
1401 348 1455 387 ut
1485 339 1612 388 hanc
1636 339 1767 389 unde

325 441 348 465 «
379 420 458 468 hic
495 419 702 485 quaeritis
747 418 1071 486 proditionem
1107 417 1417 483 aggrederer.
1456 418 1523 466 sic
1564 417 1767 467 domino

326 520 349 544 α
381 516 490 547 meo
528 498 715 564 placere
736 498 937 563 juratus.
975 496 1113 544 Unde
1145 514 1256 545 cum
1287 497 1329 545 ei
1366 513 1465 544 non
1491 496 1764 558 crederem,

326 598 350 622 α
379 576 633 625 dominnm
670 593 832 624 meum
863 592 949 642 per
982 592 1059 623 me
1095 575 1397 641 interrogavi.
1437 577 1550 624 Sese
1584 574 1635 623 id
1665 573 1768 624 fieri

326 676 350 701 «
380 654 501 703 velle
520 653 782 721 respondit.
806 657 868 702 Ut
887 663 1047 701 autem
1064 653 1159 701 hoc
1178 653 1389 703 dedecus
1406 653 1563 722 specie
1578 652 1771 702 honesti

327 755 351 780 «
382 733 636 793 velaretur,
663 733 840 781 Karolo
863 749 1032 780 manus
1053 731 1188 793 dedi;
1209 733 1404 799 ejusque
1424 733 1590 793 factus,
1609 731 1773 799 prodi·

329 833 352 858 «
383 813 565 859 tionem
585 828 672 878 per
696 820 1048 859 sacramentum
1072 811 1331 878 spopondi.
1361 814 1419 859 Et
1438 810 1526 859 feci
1544 809 1768 878 quidem,

329 914 352 935 t(
383 890 468 939 sed
499 907 600 938 non
638 889 860 955 injussus.
898 889 1043 948 Quod
1066 890 1108 938 si
1135 889 1272 938 vobis
1315 889 1487 938 falsum
1517 889 1768 950 videatur,

331 991 353 1014 «
384 979 578 1036 paratus
595 986 702 1017 sum
721 970 885 1017 omnia
895 968 1181 1032 juditiorum
1193 985 1368 1033 genera
1385 967 1560 1017 subire.
1580 989 1605 1013 n

378 1220 515 1254 LXIII.
529 1239 577 1246 —
588 1219 707 1254 Brevis
723 1228 755 1253 et
768 1220 788 1240 ¹*
805 1217 962 1253 dilucida
974 1219 995 1239 ⁴*
1015 1218 1270 1253 demonstratio
1282 1219 1301 1240 ⁹
1319 1219 1506 1254 criminis*
1525 1231 1546 1254 ει
1560 1217 1729 1255 Guidone
1788 1242 1793 1247 -

935 1284 1104 1330 episcopo
1118 1283 1153 1317 ⁴⁸.

394 1390 573 1451 Cnido,
589 1390 941 1438 Snessionensis
960 1390 1231 1456 episcopus,
1246 1389 1390 1439 dixit:
1408 1410 1432 1436 α
1450 1393 1513 1440 Ut
1528 1390 1609 1439 hic
1628 1407 1687 1440 ex
1702 1406 1777 1440 ra-

332 1490 356 1515 «
387 1469 515 1516 tione
554 1467 697 1531 hujus
747 1467 1037 1532 intelligitur,
1083 1469 1224 1517 unius
1264 1478 1424 1517 reatus
1464 1468 1585 1518 forte
1631 1468 1777 1518 ambo

335 1566 358 1590 «
391 1555 630 1593 tenentur.
675 1548 796 1592 Nam
829 1561 942 1592 cum
975 1544 1055 1592 hic
1088 1562 1188 1595 sese
1217 1545 1427 1595 effecisse
1450 1556 1651 1607 asserat,
1676 1563 1777 1595 non

336 1645 359 1669 «
389 1635 461 1672 est
479 1624 706 1672 immunis
731 1624 832 1688 ejus
851 1623 1077 1671 dominus
1097 1624 1180 1689 qui
1195 1623 1377 1672 facinus
1403 1624 1779 1692 perpetrandum

335 1724 360 1748 «
389 1703 561 1763 suasit,
585 1719 643 1750 eo
667 1701 801 1767 qnod
825 1701 1012 1749 sceleris
1029 1718 1223 1750 causam
1249 1720 1300 1752 se
1320 1703 1480 1770 ipsum
1503 1703 1773 1771 praebuerit.

337 1801 359 1825 «
389 1781 631 1839 Quoniam
645 1797 758 1845 ergo
773 1780 1018 1845 utriusque
1030 1781 1276 1846 negotium
1286 1781 1469 1846 juditiis
1481 1782 1780 1832 evidentibus

338 1879 362 1903 α
389 1869 597 1918 constat,
626 1875 738 1906 cum
770 1858 888 1906 alter
915 1858 1098 1906 facinus
1131 1860 1329 1908 suaserit
1347 1896 1360 1919 ‚
1390 1860 1510 1908 alter
1537 1860 1746 1910 effecerit
1763 1897 1776 1921 ,

337 1962 361 1986 «
385 1942 545 2006 juditii
576 1957 778 1990 censura
810 1951 1016 1989 vestram
1047 1943 1381 2008 paternitatem
1416 1960 1517 1991 non
1540 1943 1669 1992 latet.
1699 1946 1782 1993 Est

338 2039 361 2063 α
391 2020 534 2067 etiam
551 2018 685 2084 quod
698 2018 873 2083 juditio
891 2019 1117 2067 habendo
1133 2021 1256 2068 vires
1274 2020 1499 2086 praebeat,
1516 2021 1651 2087 qnod
1668 2039 1781 2070 cum

337 2118 361 2143 «
390 2099 491 2164 ipse
509 2099 761 2163 episcopus
786 2098 1072 2164 proditionis
1095 2109 1262 2146 auctor
1280 2100 1531 2161 exstiterit,
1568 2110 1621 2148 ut
1639 2117 1780 2149 suum

336 2197 361 2222 «
393 2177 623 2242 flagitium
648 2176 859 2224 melioris
878 2177 967 2224 zeli
985 2177 1170 2226 fervore
1189 2188 1383 2243 tegeret,
1409 2178 1570 2227 multae
1586 2195 1780 2228 excom·

337 2276 361 2301 «
389 2256 725 2303 municationis
745 2265 792 2303 et
814 2255 1163 2304 maledictionis
1181 2256 1500 2319 anathemate,
1530 2274 1560 2306 a
1577 2273 1782 2325 corpore

337 2355 362 2379 «
393 2345 440 2382 et
458 2335 686 2400 sanguine
704 2335 901 2382 Domini
919 2336 1178 2401 separavit,
1208 2346 1351 2401 atque
1369 2335 1431 2384 ab
1449 2336 1650 2385 ecclesia
1665 2336 1783 2385 fide·

337 2433 361 2458 «
391 2413 511 2460 lium
543 2412 816 2478 suspendit,
860 2415 1166 2461 Remensium
1211 2415 1496 2481 praedonum
1530 2426 1778 2474 anetem,

339 2511 362 2535 «
391 2490 618 2551 factores,
651 2502 989 2556 cooperatores
1004 2529 1017 2552 ,
1053 2492 1260 2541 fautores
1276 2529 1290 2554 ‚
1322 2504 1370 2542 et
1403 2511 1433 2542 a
1456 2494 1664 2560 propriis
1693 2493 1784 2543 do-

338 2589 362 2613 «
393 2568 535 2615 minis
566 2584 752 2628 rerum,
777 2568 868 2615 sub
894 2570 1152 2636 emptionis
1172 2573 1394 2633 nomine,
1418 2571 1777 2621 abalienatores.

337 2667 362 2692 «
393 2646 488 2696 Sed
506 2664 618 2694 cum
637 2647 758 2694 tanti
781 2647 894 2695 mali
914 2649 1168 2716 episcopus
1185 2662 1352 2699 auctor
1370 2652 1562 2710 existat,
1591 2651 1785 2700 anathe-

376 2784 395 2802 *
421 2791 455 2816 et
473 2780 529 2823 di,
554 2793 658 2823 mon,
678 2781 800 2823 minis,
826 2783 974 2830 pist-opo
992 2783 1132 2816 abscisa.
