1872 3372
370 239 452 281 240
867 239 1089 282 menam
1119 241 1218 283 Lm.
1253 242 1324 282 lV.

373 350 396 375 «ι
427 339 553 378 mate
572 329 814 377 involutus
835 330 1212 379 manifestissime
1237 341 1382 398 patet.
1407 332 1554 392 Quod
1579 333 1722 383 etiam
1746 335 1809 385 ad
1870 328 1872 330 ¹

373 429 396 454 «
426 409 528 474 ejus
550 408 1038 476 condempnationem
1066 426 1166 458 non
1193 411 1445 460 minimum
1471 410 1610 462 valet.
1635 431 1660 458 n

655 538 786 574 LXIV.
806 558 853 565 -
868 537 1071 584 Indignatio
1087 539 1244 575 Gualteri
1262 540 1298 574 in
1319 541 1520 575 Amulsum.

434 631 710 693 Gualterus‚
743 632 1181 697 Augustudunensis
1214 634 1490 702 episcopus,
1514 633 1665 683 dixit:
1694 653 1720 681 α
1739 637 1811 684 An

373 731 395 756 u
428 710 552 759 male
578 727 703 759 sanae
728 711 901 759 mentis
928 710 1008 758 hic
1026 711 1282 779 episcopus
1308 730 1408 761 non
1434 723 1505 762 est
1534 714 1618 779 qui
1646 729 1738 781 pro
1761 730 1812 763 se

372 810 396 835 «
426 789 726 837 defensiones
744 790 926 848 nititur,
957 805 1070 837 cum
1087 790 1276 855 regibus
1294 801 1341 839 et
1373 802 1444 840 tot
1468 791 1682 858 patribus
1710 790 1812 856 ejus

372 890 395 915 «
424 869 647 935 iniquitas
665 868 873 917 dilucide
892 873 1051 934 pateat
1065 905 1078 930 ‚
1100 880 1148 918 et
1175 870 1371 936 insuper
1398 871 1643 938 presbiteri
1667 869 1814 920 malo-

372 969 394 992 «
425 964 533 995 rum
561 947 741 995 conscii
774 947 1047 994 testimonio
1077 947 1422 996 convincatur?
1456 951 1527 997 An
1561 949 1663 1016 ipse
1699 947 1812 997 mali

371 1042 394 1066 «
425 1022 645 1068 inventor
684 1020 950 1086 periculum
999 1020 1314 1069 anathematis
1367 1021 1570 1070 evadere
1619 1021 1807 1089 potuit,

371 1122 394 1145 «
423 1117 534 1148 cum
554 1101 654 1166 ipse
672 1099 784 1146 mali
806 1100 1027 1146 inventor
1048 1110 1095 1147 et
1113 1099 1287 1160 fautor,
1311 1101 1583 1150 inventores
1598 1111 1647 1150 et
1666 1100 1812 1151 facto·

371 1200 394 1224 «
426 1197 499 1227 res
514 1179 817 1243 fautoresque
836 1177 1184 1226 maledictionis
1198 1179 1292 1226 telo
1312 1179 1552 1244 perfodit?
1576 1179 1811 1262 Anipsam

371 1279 394 1302 «
425 1256 838 1305 Divinitatemhec
870 1256 1168 1323 perpendere
1189 1274 1288 1304 non
1314 1257 1670 1319 animadvertit,
1699 1275 1810 1306 cum

372 1356 396 1382 «
425 1337 655 1402 scriptum
671 1336 746 1396 sit,
766 1334 899 1400 quod
910 1335 1271 1383 oculiDomini
1259 1352 1307 1383 m
1324 1337 1459 1384 omni
1471 1336 1580 1385 loco
1596 1346 1811 1385 contem-

369 1433 395 1461 α
422 1413 615 1480 plantur
632 1412 787 1461 bonos
806 1422 852 1460 et
877 1412 1060 1461 malos?
1086 1415 1145 1460 Et
1167 1405 1295 1460 certe
1315 1412 1535 1475 arbitror,
1558 1413 1671 1480 quia
1693 1411 1811 1462 dixit

372 1512 394 1537 «
423 1492 650 1556 insipiens
669 1491 719 1538 in
747 1490 894 1538 corde
918 1507 1005 1538 suo
1027 1509 1037 1537 :
1063 1494 1170 1538 Non
1187 1501 1259 1539 est
1274 1493 1420 1539 Deus.
1439 1491 1810 1541 Animadvertite

373 1590 395 1615 «
426 1587 540 1635 ergo
560 1580 734 1636 patim,
751 1586 897 1635 quam
910 1570 1124 1635 corrupti
1142 1580 1317 1618 suntet
1335 1569 1683 1620 abominabiles
1699 1570 1809 1620 facti

372 1668 397 1693 «
424 1658 536 1695 sunt
557 1648 606 1694 in
626 1647 793 1695 studiis
810 1648 906 1695 suis
930 1647 1083 1695 factor
1107 1657 1155 1695 et
1172 1647 1347 1696 fautor.
1378 1667 1401 1692 »

441 1832 553 1866 va.
572 1852 620 1860 --
635 1830 772 1866 Odonis
790 1832 945 1879 episcopi
973 1831 1169 1867 admonitio
1180 1832 1200 1854 ¹*
1220 1831 1265 1866 de
1279 1831 1409 1879 juditio
1420 1833 1437 1852 ¹'
1457 1831 1688 1868 accelerando
1699 1832 1736 1868 ⁵.

434 1938 563 1997 Odo,
585 1939 947 1987 silvanectensis
963 1939 1232 2005 episcopus,
1250 1938 1391 1986 dixit:
1409 1958 1433 1984 «
1449 1939 1692 1997 Quoniam
1703 1938 1810 1987 reli·

372 2035 396 2061 «
425 2017 577 2080 gionis
609 2033 773 2076 causa,
807 2026 854 2064 et
881 2017 1014 2080 jussu
1048 2017 1456 2064 serenissimorum
1496 2031 1689 2082 regum,
1730 2015 1810 2064 hic

373 2118 393 2139 α
425 2093 612 2142 collecti
640 2111 827 2154 sumus,
854 2111 954 2142 non
977 2104 1047 2142 est
1075 2094 1394 2142 differendum
1422 2093 1635 2143 habendi
1651 2094 1810 2159 juditii

373 2192 397 2218 «
425 2188 648 2233 examen3
676 2173 727 2220 id
746 2173 877 2220 enim
901 2189 1034 2237 reges
1056 2173 1412 2238 praestolantur3
1435 2173 1592 2221 clerus
1608 2182 1658 2221 et
1673 2173 1808 2239 plebs

373 2270 395 2294 α
426 2249 554 2297 idem
572 2260 838 2316 expectant.
857 2253 953 2298 Nec
969 2259 1040 2297 est
1056 2250 1106 2297 in
1125 2250 1452 2299 diversissimis
1466 2249 1808 2299 sententiarum

374 2347 395 2372 α
427 2327 691 2375 rationibus
706 2328 883 2375 diutius
901 2329 1276 2390 immorandum,
1293 2346 1405 2377 cum
1423 2345 1499 2378 res
1515 2329 1575 2377 sit
1591 2328 1804 2390 evidens,

374 2425 397 2450 α
425 2415 473 2453 et
484 2405 644 2469 juditii
671 2407 791 2454 ratio
814 2407 862 2453 in
884 2417 1110 2473 promptu
1138 2409 1211 2455 sit.
1245 2412 1316 2456 De
1338 2407 1511 2474 quibus
1532 2424 1633 2456 non
1649 2407 1807 2456 solum

371 2506 395 2530 «
424 2494 615 2551 patrum
659 2495 830 2533 statuta
876 2485 1027 2550 legitis
1048 2522 1062 2546 ,
1107 2503 1275 2534 verum
1323 2487 1467 2535 etiam
1510 2503 1598 2554 per
1637 2502 1807 2535 conse-

371 2583 393 2607 «
422 2563 639 2628 quentias
651 2580 811 2612 rerum
821 2564 1040 2629 equitatis
1058 2569 1308 2614 censuram
1324 2565 1538 2631 proferre
1557 2581 1659 2614 non
1677 2565 1808 2630 igno·

371 2661 394 2686 α
424 2642 552 2690 ratis.
581 2661 604 2686 »

414 2757 432 2777 ³
460 2755 591 2799 admo,
611 2755 761 2803 juditio,
791 2757 864 2792 ndo
888 2757 1026 2792 abscisa.
