<?xml version="1.0" encoding="UTF-8"?>
<!DOCTYPE html PUBLIC "-//W3C//DTD XHTML 1.0 Transitional//EN"
    "http://www.w3.org/TR/xhtml1/DTD/xhtml1-transitional.dtd">
<html xmlns="http://www.w3.org/1999/xhtml" xml:lang="en" lang="en">
 <head>
  <title>
</title>
<meta http-equiv="Content-Type" content="text/html;charset=utf-8" />
  <meta name='ocr-system' content='tesseract 3.04.00' />
  <meta name='ocr-capabilities' content='ocr_page ocr_carea ocr_par ocr_line ocrx_word'/>
</head>
<body>
  <div class='ocr_page' id='page_1' title='image "./richerhistoirede02richuoft_0106.png"; bbox 0 0 1872 3372; ppageno 0'>
   <div class='ocr_carea' id='block_1_1' title="bbox 362 275 1309 319">
    <p class='ocr_par' dir='ltr' id='par_1_1' title="bbox 362 275 1309 319">
     <span class='ocr_line' id='line_1_1' title="bbox 362 275 1309 319; baseline -0.003 -1"><span class='ocrx_word' id='word_1_1' title='bbox 362 282 414 319; x_wconf 80' lang='lat'>98</span> <span class='ocrx_word' id='word_1_2' title='bbox 848 276 1069 318; x_wconf 72' lang='lat' dir='ltr'>Rlcussm</span> <span class='ocrx_word' id='word_1_3' title='bbox 1102 275 1197 317; x_wconf 67' lang='grc' dir='ltr'><strong><em>[ΑΒ.</em></strong></span> <span class='ocrx_word' id='word_1_4' title='bbox 1231 276 1309 317; x_wconf 79' lang='grc' dir='ltr'><strong>ΙΙΙ.</strong></span> 
     </span>
    </p>
   </div>
   <div class='ocr_carea' id='block_1_2' title="bbox 360 365 1802 1198">
    <p class='ocr_par' dir='ltr' id='par_1_2' title="bbox 360 365 1802 1198">
     <span class='ocr_line' id='line_1_2' title="bbox 362 365 1796 434; baseline 0.001 -20"><span class='ocrx_word' id='word_1_5' title='bbox 362 383 609 434; x_wconf 81' lang='lat' dir='ltr'>pressurus</span> <span class='ocrx_word' id='word_1_6' title='bbox 626 368 767 415; x_wconf 83' lang='lat' dir='ltr'>etiam</span> <span class='ocrx_word' id='word_1_7' title='bbox 787 367 824 414; x_wconf 87' lang='lat' dir='ltr'>si</span> <span class='ocrx_word' id='word_1_8' title='bbox 851 367 933 431; x_wconf 90' lang='lat' dir='ltr'>qui</span> <span class='ocrx_word' id='word_1_9' title='bbox 953 366 1073 414; x_wconf 81' lang='lat' dir='ltr'>forte</span> <span class='ocrx_word' id='word_1_10' title='bbox 1101 375 1257 414; x_wconf 86' lang='lat' dir='ltr'>essent</span> <span class='ocrx_word' id='word_1_11' title='bbox 1276 365 1532 424; x_wconf 88' lang='lat' dir='ltr'>tumultus,</span> <span class='ocrx_word' id='word_1_12' title='bbox 1555 374 1603 415; x_wconf 88' lang='lat' dir='ltr'>et</span> <span class='ocrx_word' id='word_1_13' title='bbox 1618 367 1796 415; x_wconf 84' lang='lat' dir='ltr'>tumul·</span> 
     </span>
     <span class='ocr_line' id='line_1_3' title="bbox 362 445 1799 513; baseline 0 -18"><span class='ocrx_word' id='word_1_14' title='bbox 362 456 548 495; x_wconf 83' lang='lat' dir='ltr'>tuantes</span> <span class='ocrx_word' id='word_1_15' title='bbox 578 447 625 494; x_wconf 91' lang='lat' dir='ltr'>in</span> <span class='ocrx_word' id='word_1_16' title='bbox 658 463 826 513; x_wconf 85' lang='lat' dir='ltr'>pacem</span> <span class='ocrx_word' id='word_1_17' title='bbox 852 455 1157 494; x_wconf 73' lang='lat' dir='ltr'>revocaturus</span> <span class='ocrx_word' id='word_1_18' title='bbox 1196 446 1235 493; x_wconf 88' lang='lat' dir='ltr'>si</span> <span class='ocrx_word' id='word_1_19' title='bbox 1266 446 1348 511; x_wconf 91' lang='lat' dir='ltr'>qui</span> <span class='ocrx_word' id='word_1_20' title='bbox 1375 445 1648 511; x_wconf 80' lang='lat' dir='ltr'>principum</span> <span class='ocrx_word' id='word_1_21' title='bbox 1674 445 1799 495; x_wconf 77' lang='lat' dir='ltr'>forte</span> 
     </span>
     <span class='ocr_line' id='line_1_4' title="bbox 361 523 1798 591; baseline 0 -18"><span class='ocrx_word' id='word_1_22' title='bbox 361 524 660 573; x_wconf 83' lang='lat' dir='ltr'>dissiderent.</span> <span class='ocrx_word' id='word_1_23' title='bbox 696 524 944 572; x_wconf 87' lang='lat' dir='ltr'>Lotharius</span> <span class='ocrx_word' id='word_1_24' title='bbox 964 541 1078 571; x_wconf 89' lang='lat' dir='ltr'>vero</span> <span class='ocrx_word' id='word_1_25' title='bbox 1113 523 1397 572; x_wconf 85' lang='lat' dir='ltr'>Laudunum</span> <span class='ocrx_word' id='word_1_26' title='bbox 1426 525 1640 585; x_wconf 87' lang='lat' dir='ltr'>veniens,</span> <span class='ocrx_word' id='word_1_27' title='bbox 1668 524 1798 591; x_wconf 85' lang='lat' dir='ltr'>apud</span> 
     </span>
     <span class='ocr_line' id='line_1_5' title="bbox 361 601 1801 669; baseline -0.001 -17"><span class='ocrx_word' id='word_1_28' title='bbox 361 621 475 652; x_wconf 89' lang='lat' dir='ltr'>suos</span> <span class='ocrx_word' id='word_1_29' title='bbox 501 620 700 669; x_wconf 85' lang='lat' dir='ltr'>quaeque</span> <span class='ocrx_word' id='word_1_30' title='bbox 733 619 943 668; x_wconf 88' lang='lat' dir='ltr'>congrua</span> <span class='ocrx_word' id='word_1_31' title='bbox 971 601 1059 650; x_wconf 91' lang='lat' dir='ltr'>sibi</span> <span class='ocrx_word' id='word_1_32' title='bbox 1078 602 1410 668; x_wconf 76' lang='lat' dir='ltr'>pertractabat.</span> <span class='ocrx_word' id='word_1_33' title='bbox 1436 605 1531 650; x_wconf 90' lang='lat' dir='ltr'>Nec</span> <span class='ocrx_word' id='word_1_34' title='bbox 1545 603 1645 666; x_wconf 87' lang='lat' dir='ltr'>jam</span> <span class='ocrx_word' id='word_1_35' title='bbox 1670 603 1801 669; x_wconf 89' lang='lat' dir='ltr'>quic-</span> 
     </span>
     <span class='ocr_line' id='line_1_6' title="bbox 360 680 1799 749; baseline -0.001 -18"><span class='ocrx_word' id='word_1_36' title='bbox 360 700 506 749; x_wconf 85' lang='lat' dir='ltr'>quam</span> <span class='ocrx_word' id='word_1_37' title='bbox 525 683 625 749; x_wconf 91' lang='lat' dir='ltr'>spei</span> <span class='ocrx_word' id='word_1_38' title='bbox 644 699 700 730; x_wconf 85' lang='lat' dir='ltr'>ex</span> <span class='ocrx_word' id='word_1_39' title='bbox 724 680 847 729; x_wconf 85' lang='lat' dir='ltr'>duce</span> <span class='ocrx_word' id='word_1_40' title='bbox 864 680 1097 740; x_wconf 86' lang='lat' dir='ltr'>habebat,</span> <span class='ocrx_word' id='word_1_41' title='bbox 1125 697 1237 728; x_wconf 90' lang='lat' dir='ltr'>cum</span> <span class='ocrx_word' id='word_1_42' title='bbox 1260 691 1457 748; x_wconf 88' lang='lat' dir='ltr'>propter</span> <span class='ocrx_word' id='word_1_43' title='bbox 1486 697 1656 747; x_wconf 90' lang='lat' dir='ltr'>pacem</span> <span class='ocrx_word' id='word_1_44' title='bbox 1683 680 1799 730; x_wconf 92' lang='lat' dir='ltr'>dolo</span> 
     </span>
     <span class='ocr_line' id='line_1_7' title="bbox 360 758 1792 826; baseline -0.001 -18"><span class='ocrx_word' id='word_1_45' title='bbox 360 761 628 826; x_wconf 67' lang='lat' dir='ltr'>quaesitam,</span> <span class='ocrx_word' id='word_1_46' title='bbox 666 775 764 806; x_wconf 90' lang='lat' dir='ltr'>non</span> <span class='ocrx_word' id='word_1_47' title='bbox 794 758 1098 806; x_wconf 83' lang='lat' dir='ltr'>mediocriter</span> <span class='ocrx_word' id='word_1_48' title='bbox 1124 775 1235 807; x_wconf 87' lang='lat' dir='ltr'>eum</span> <span class='ocrx_word' id='word_1_49' title='bbox 1268 769 1542 824; x_wconf 88' lang='lat' dir='ltr'>suspectum</span> <span class='ocrx_word' id='word_1_50' title='bbox 1577 758 1792 808; x_wconf 86' lang='lat' dir='ltr'>haberet.</span> 
     </span>
     <span class='ocr_line' id='line_1_8' title="bbox 360 835 1798 902; baseline -0.001 -17"><span class='ocrx_word' id='word_1_51' title='bbox 360 840 481 885; x_wconf 88' lang='lat' dir='ltr'>Cum</span> <span class='ocrx_word' id='word_1_52' title='bbox 509 837 609 901; x_wconf 87' lang='lat' dir='ltr'>jam</span> <span class='ocrx_word' id='word_1_53' title='bbox 638 836 739 884; x_wconf 83' lang='lat' dir='ltr'>haec</span> <span class='ocrx_word' id='word_1_54' title='bbox 773 836 936 883; x_wconf 87' lang='lat' dir='ltr'>omnia</span> <span class='ocrx_word' id='word_1_55' title='bbox 962 835 1106 901; x_wconf 88' lang='lat' dir='ltr'>vulgo</span> <span class='ocrx_word' id='word_1_56' title='bbox 1142 836 1537 902; x_wconf 72' lang='lat' dir='ltr'>praedicarentur,</span> <span class='ocrx_word' id='word_1_57' title='bbox 1577 835 1798 884; x_wconf 85' lang='lat' dir='ltr'>nonnulli</span> 
     </span>
     <span class='ocr_line' id='line_1_9' title="bbox 361 913 1801 980; baseline 0 -17"><span class='ocrx_word' id='word_1_58' title='bbox 361 931 555 980; x_wconf 89' lang='lat' dir='ltr'>quoque</span> <span class='ocrx_word' id='word_1_59' title='bbox 586 913 697 962; x_wconf 89' lang='lat' dir='ltr'>inde</span> <span class='ocrx_word' id='word_1_60' title='bbox 721 913 950 979; x_wconf 87' lang='lat' dir='ltr'>indignati</span> <span class='ocrx_word' id='word_1_61' title='bbox 977 931 1065 980; x_wconf 91' lang='lat' dir='ltr'>pro</span> <span class='ocrx_word' id='word_1_62' title='bbox 1088 914 1212 962; x_wconf 91' lang='lat' dir='ltr'>duce</span> <span class='ocrx_word' id='word_1_63' title='bbox 1243 915 1524 975; x_wconf 83' lang='lat' dir='ltr'>fremerent,</span> <span class='ocrx_word' id='word_1_64' title='bbox 1561 914 1660 963; x_wconf 86' lang='lat' dir='ltr'>dux</span> <span class='ocrx_word' id='word_1_65' title='bbox 1687 932 1801 964; x_wconf 88' lang='lat' dir='ltr'>con-</span> 
     </span>
     <span class='ocr_line' id='line_1_10' title="bbox 360 991 1800 1054; baseline -0.001 -13"><span class='ocrx_word' id='word_1_66' title='bbox 360 991 501 1041; x_wconf 85' lang='lat' dir='ltr'>stanti</span> <span class='ocrx_word' id='word_1_67' title='bbox 525 993 688 1040; x_wconf 88' lang='lat' dir='ltr'>animo</span> <span class='ocrx_word' id='word_1_68' title='bbox 721 992 955 1039; x_wconf 89' lang='lat' dir='ltr'>tristitiam</span> <span class='ocrx_word' id='word_1_69' title='bbox 989 991 1292 1040; x_wconf 85' lang='lat' dir='ltr'>dissimulans</span> <span class='ocrx_word' id='word_1_70' title='bbox 1322 994 1485 1041; x_wconf 91' lang='lat' dir='ltr'>omnia</span> <span class='ocrx_word' id='word_1_71' title='bbox 1513 992 1720 1054; x_wconf 78' lang='lat' dir='ltr'>ferebat3</span> <span class='ocrx_word' id='word_1_72' title='bbox 1753 1003 1800 1041; x_wconf 90' lang='lat' dir='ltr'>et</span> 
     </span>
     <span class='ocr_line' id='line_1_11' title="bbox 362 1070 1802 1139; baseline 0.002 -21"><span class='ocrx_word' id='word_1_73' title='bbox 362 1072 484 1119; x_wconf 88' lang='lat' dir='ltr'>sicut</span> <span class='ocrx_word' id='word_1_74' title='bbox 501 1071 648 1118; x_wconf 85' lang='lat' dir='ltr'>moris</span> <span class='ocrx_word' id='word_1_75' title='bbox 661 1071 704 1117; x_wconf 91' lang='lat' dir='ltr'>ei</span> <span class='ocrx_word' id='word_1_76' title='bbox 722 1080 822 1118; x_wconf 91' lang='lat' dir='ltr'>erat</span> <span class='ocrx_word' id='word_1_77' title='bbox 839 1070 1061 1118; x_wconf 89' lang='lat' dir='ltr'>consulto</span> <span class='ocrx_word' id='word_1_78' title='bbox 1079 1071 1244 1119; x_wconf 90' lang='lat' dir='ltr'>omnia</span> <span class='ocrx_word' id='word_1_79' title='bbox 1260 1070 1526 1120; x_wconf 84' lang='lat' dir='ltr'>deliberare</span> <span class='ocrx_word' id='word_1_80' title='bbox 1542 1108 1555 1133; x_wconf 92' lang='lat'>‚</span> <span class='ocrx_word' id='word_1_81' title='bbox 1586 1071 1802 1139; x_wconf 87' lang='lat' dir='ltr'>primati·</span> 
     </span>
     <span class='ocr_line' id='line_1_12' title="bbox 361 1148 1294 1198; baseline -0.001 -2"><span class='ocrx_word' id='word_1_82' title='bbox 361 1150 451 1197; x_wconf 92' lang='lat' dir='ltr'>bus</span> <span class='ocrx_word' id='word_1_83' title='bbox 475 1148 717 1198; x_wconf 89' lang='lat' dir='ltr'>advocatis</span> <span class='ocrx_word' id='word_1_84' title='bbox 735 1148 1086 1197; x_wconf 80' lang='lat' dir='ltr'>declamaturus</span> <span class='ocrx_word' id='word_1_85' title='bbox 1105 1148 1294 1197; x_wconf 81' lang='lat' dir='ltr'>resedit,</span> 
     </span>
    </p>
   </div>
   <div class='ocr_carea' id='block_1_3' title="bbox 679 1443 1486 1491">
    <p class='ocr_par' dir='ltr' id='par_1_3' title="bbox 679 1443 1486 1491">
     <span class='ocr_line' id='line_1_13' title="bbox 679 1443 1486 1491; baseline -0.001 -12"><span class='ocrx_word' id='word_1_86' title='bbox 679 1445 864 1479; x_wconf 77' lang='lat' dir='ltr'>LXXXII.</span> <span class='ocrx_word' id='word_1_87' title='bbox 884 1464 931 1471; x_wconf 92' lang='lat'>—</span> <span class='ocrx_word' id='word_1_88' title='bbox 947 1444 1098 1479; x_wconf 67' lang='lat' dir='ltr'>Oratio*</span> <span class='ocrx_word' id='word_1_89' title='bbox 1118 1443 1218 1478; x_wconf 77' lang='lat' dir='ltr'>ducis</span> <span class='ocrx_word' id='word_1_90' title='bbox 1233 1445 1251 1465; x_wconf 68' lang='lat'>³</span> <span class='ocrx_word' id='word_1_91' title='bbox 1275 1444 1369 1491; x_wconf 83' lang='lat' dir='ltr'>apud</span> <span class='ocrx_word' id='word_1_92' title='bbox 1393 1457 1486 1478; x_wconf 80' lang='lat' dir='ltr'>suos.</span> 
     </span>
    </p>
   </div>
   <div class='ocr_carea' id='block_1_4' title="bbox 367 1540 1812 2550">
    <p class='ocr_par' dir='ltr' id='par_1_4' title="bbox 367 1540 1812 2550">
     <span class='ocr_line' id='line_1_14' title="bbox 430 1540 1803 1606; baseline 0.001 -18"><span class='ocrx_word' id='word_1_93' title='bbox 430 1540 615 1599; x_wconf 88' lang='lat' dir='ltr'>Quibus</span> <span class='ocrx_word' id='word_1_94' title='bbox 641 1557 806 1588; x_wconf 90' lang='lat' dir='ltr'>coram</span> <span class='ocrx_word' id='word_1_95' title='bbox 834 1541 901 1587; x_wconf 90' lang='lat' dir='ltr'>sic</span> <span class='ocrx_word' id='word_1_96' title='bbox 933 1557 1071 1587; x_wconf 90' lang='lat' dir='ltr'>orsus</span> <span class='ocrx_word' id='word_1_97' title='bbox 1102 1540 1227 1605; x_wconf 88' lang='lat' dir='ltr'>cepit</span> <span class='ocrx_word' id='word_1_98' title='bbox 1250 1558 1259 1585; x_wconf 91' lang='lat'>:</span> <span class='ocrx_word' id='word_1_99' title='bbox 1287 1560 1309 1583; x_wconf 78' lang='grc' dir='ltr'>α</span> <span class='ocrx_word' id='word_1_100' title='bbox 1335 1542 1440 1587; x_wconf 90' lang='lat' dir='ltr'>Non</span> <span class='ocrx_word' id='word_1_101' title='bbox 1468 1549 1638 1606; x_wconf 86' lang='lat' dir='ltr'>praeter</span> <span class='ocrx_word' id='word_1_102' title='bbox 1676 1540 1803 1589; x_wconf 85' lang='lat' dir='ltr'>fruc·</span> 
     </span>
     <span class='ocr_line' id='line_1_15' title="bbox 367 1618 1798 1686; baseline 0.002 -21"><span class='ocrx_word' id='word_1_103' title='bbox 367 1642 390 1666; x_wconf 89' lang='lat'>«</span> <span class='ocrx_word' id='word_1_104' title='bbox 421 1631 524 1669; x_wconf 91' lang='lat' dir='ltr'>tum</span> <span class='ocrx_word' id='word_1_105' title='bbox 560 1620 686 1668; x_wconf 90' lang='lat' dir='ltr'>utilis</span> <span class='ocrx_word' id='word_1_106' title='bbox 724 1630 771 1668; x_wconf 93' lang='lat' dir='ltr'>et</span> <span class='ocrx_word' id='word_1_107' title='bbox 795 1620 986 1667; x_wconf 89' lang='lat' dir='ltr'>honesti</span> <span class='ocrx_word' id='word_1_108' title='bbox 1012 1618 1264 1667; x_wconf 90' lang='lat' dir='ltr'>consilium</span> <span class='ocrx_word' id='word_1_109' title='bbox 1300 1636 1328 1666; x_wconf 89' lang='lat' dir='ltr'>a</span> <span class='ocrx_word' id='word_1_110' title='bbox 1360 1619 1514 1667; x_wconf 84' lang='lat' dir='ltr'>doctis</span> <span class='ocrx_word' id='word_1_111' title='bbox 1547 1620 1798 1686; x_wconf 83' lang='lat' dir='ltr'>expetitur.</span> 
     </span>
     <span class='ocr_line' id='line_1_16' title="bbox 368 1696 1805 1757; baseline 0.003 -15"><span class='ocrx_word' id='word_1_112' title='bbox 368 1719 390 1743; x_wconf 85' lang='lat'>«</span> <span class='ocrx_word' id='word_1_113' title='bbox 421 1698 606 1757; x_wconf 91' lang='lat' dir='ltr'>Quibus</span> <span class='ocrx_word' id='word_1_114' title='bbox 643 1697 755 1745; x_wconf 91' lang='lat' dir='ltr'>solis</span> <span class='ocrx_word' id='word_1_115' title='bbox 791 1708 838 1745; x_wconf 92' lang='lat' dir='ltr'>et</span> <span class='ocrx_word' id='word_1_116' title='bbox 872 1697 1099 1745; x_wconf 88' lang='lat' dir='ltr'>decenter</span> <span class='ocrx_word' id='word_1_117' title='bbox 1136 1696 1396 1757; x_wconf 87' lang='lat' dir='ltr'>acceditur,</span> <span class='ocrx_word' id='word_1_118' title='bbox 1426 1707 1474 1745; x_wconf 85' lang='lat' dir='ltr'>et</span> <span class='ocrx_word' id='word_1_119' title='bbox 1499 1696 1562 1746; x_wconf 81' lang='lat' dir='ltr'>ab</span> <span class='ocrx_word' id='word_1_120' title='bbox 1591 1697 1659 1748; x_wconf 82' lang='lat' dir='ltr'>eis</span> <span class='ocrx_word' id='word_1_121' title='bbox 1687 1697 1805 1747; x_wconf 86' lang='lat' dir='ltr'>fluc-</span> 
     </span>
     <span class='ocr_line' id='line_1_17' title="bbox 369 1775 1805 1840; baseline 0.003 -21"><span class='ocrx_word' id='word_1_122' title='bbox 369 1796 390 1820; x_wconf 89' lang='lat'>«</span> <span class='ocrx_word' id='word_1_123' title='bbox 420 1776 572 1824; x_wconf 88' lang='lat' dir='ltr'>tuanti</span> <span class='ocrx_word' id='word_1_124' title='bbox 591 1776 660 1823; x_wconf 87' lang='lat' dir='ltr'>rei</span> <span class='ocrx_word' id='word_1_125' title='bbox 687 1775 873 1823; x_wconf 89' lang='lat' dir='ltr'>consilii</span> <span class='ocrx_word' id='word_1_126' title='bbox 903 1776 1023 1823; x_wconf 92' lang='lat' dir='ltr'>ratio</span> <span class='ocrx_word' id='word_1_127' title='bbox 1048 1775 1273 1840; x_wconf 89' lang='lat' dir='ltr'>aperitur.</span> <span class='ocrx_word' id='word_1_128' title='bbox 1304 1778 1402 1823; x_wconf 91' lang='lat' dir='ltr'>Vos</span> <span class='ocrx_word' id='word_1_129' title='bbox 1430 1776 1478 1823; x_wconf 90' lang='lat' dir='ltr'>in</span> <span class='ocrx_word' id='word_1_130' title='bbox 1506 1775 1805 1824; x_wconf 87' lang='lat' dir='ltr'>consulendo</span> 
     </span>
     <span class='ocr_line' id='line_1_18' title="bbox 369 1854 1804 1916; baseline 0.003 -17"><span class='ocrx_word' id='word_1_131' title='bbox 369 1876 391 1900; x_wconf 90' lang='lat'>«</span> <span class='ocrx_word' id='word_1_132' title='bbox 422 1855 626 1903; x_wconf 85' lang='lat' dir='ltr'>arbitror</span> <span class='ocrx_word' id='word_1_133' title='bbox 660 1855 862 1902; x_wconf 88' lang='lat' dir='ltr'>idoneos</span> <span class='ocrx_word' id='word_1_134' title='bbox 903 1856 948 1913; x_wconf 82' lang='lat'>⁰,</span> <span class='ocrx_word' id='word_1_135' title='bbox 988 1871 1100 1901; x_wconf 90' lang='lat' dir='ltr'>cum</span> <span class='ocrx_word' id='word_1_136' title='bbox 1135 1854 1196 1902; x_wconf 89' lang='lat' dir='ltr'>ab</span> <span class='ocrx_word' id='word_1_137' title='bbox 1227 1855 1390 1902; x_wconf 86' lang='lat' dir='ltr'>animo</span> <span class='ocrx_word' id='word_1_138' title='bbox 1425 1870 1525 1902; x_wconf 90' lang='lat' dir='ltr'>non</span> <span class='ocrx_word' id='word_1_139' title='bbox 1561 1854 1804 1916; x_wconf 80' lang='lat' dir='ltr'>discedat,</span> 
     </span>
     <span class='ocr_line' id='line_1_19' title="bbox 370 1933 1810 2000; baseline 0.003 -22"><span class='ocrx_word' id='word_1_140' title='bbox 370 1955 392 1979; x_wconf 87' lang='lat'>«</span> <span class='ocrx_word' id='word_1_141' title='bbox 422 1944 602 2000; x_wconf 90' lang='lat' dir='ltr'>quanta</span> <span class='ocrx_word' id='word_1_142' title='bbox 639 1934 812 1981; x_wconf 88' lang='lat' dir='ltr'>virtute</span> <span class='ocrx_word' id='word_1_143' title='bbox 845 1943 892 1981; x_wconf 90' lang='lat' dir='ltr'>et</span> <span class='ocrx_word' id='word_1_144' title='bbox 924 1934 1114 1998; x_wconf 85' lang='lat' dir='ltr'>ingenio</span> <span class='ocrx_word' id='word_1_145' title='bbox 1155 1933 1322 1993; x_wconf 88' lang='lat' dir='ltr'>vestri,</span> <span class='ocrx_word' id='word_1_146' title='bbox 1361 1949 1690 1999; x_wconf 88' lang='lat' dir='ltr'>saepenumero</span> <span class='ocrx_word' id='word_1_147' title='bbox 1726 1933 1810 1982; x_wconf 86' lang='lat' dir='ltr'>ad·</span> 
     </span>
     <span class='ocr_line' id='line_1_20' title="bbox 370 2011 1809 2078; baseline 0.003 -22"><span class='ocrx_word' id='word_1_148' title='bbox 370 2034 392 2058; x_wconf 91' lang='lat'>«</span> <span class='ocrx_word' id='word_1_149' title='bbox 422 2013 637 2061; x_wconf 87' lang='lat' dir='ltr'>versariis</span> <span class='ocrx_word' id='word_1_150' title='bbox 665 2013 1001 2078; x_wconf 87' lang='lat' dir='ltr'>praenituerim.</span> <span class='ocrx_word' id='word_1_151' title='bbox 1032 2015 1249 2077; x_wconf 90' lang='lat' dir='ltr'>Cumque</span> <span class='ocrx_word' id='word_1_152' title='bbox 1268 2029 1354 2060; x_wconf 90' lang='lat' dir='ltr'>vos</span> <span class='ocrx_word' id='word_1_153' title='bbox 1373 2011 1491 2059; x_wconf 87' lang='lat' dir='ltr'>mihi</span> <span class='ocrx_word' id='word_1_154' title='bbox 1519 2011 1741 2060; x_wconf 89' lang='lat' dir='ltr'>manibus</span> <span class='ocrx_word' id='word_1_155' title='bbox 1760 2022 1809 2060; x_wconf 88' lang='lat' dir='ltr'>et</span> 
     </span>
     <span class='ocr_line' id='line_1_21' title="bbox 371 2088 1806 2154; baseline 0.002 -20"><span class='ocrx_word' id='word_1_156' title='bbox 371 2111 393 2134; x_wconf 86' lang='lat'><strong><em>«</em></strong></span> <span class='ocrx_word' id='word_1_157' title='bbox 423 2100 720 2138; x_wconf 89' lang='lat' dir='ltr'>sacramento</span> <span class='ocrx_word' id='word_1_158' title='bbox 765 2089 982 2145; x_wconf 84' lang='lat' dir='ltr'>addictos</span> <span class='ocrx_word' id='word_1_159' title='bbox 996 2126 1008 2148; x_wconf 90' lang='lat'>‚</span> <span class='ocrx_word' id='word_1_160' title='bbox 1058 2089 1206 2137; x_wconf 82' lang='lat' dir='ltr'>fidem</span> <span class='ocrx_word' id='word_1_161' title='bbox 1247 2106 1442 2154; x_wconf 91' lang='lat' dir='ltr'>quoque</span> <span class='ocrx_word' id='word_1_162' title='bbox 1483 2088 1806 2147; x_wconf 78' lang='lat' dir='ltr'>inviolabilem</span> 
     </span>
     <span class='ocr_line' id='line_1_22' title="bbox 371 2152 1810 2228; baseline 0.001 -14"><span class='ocrx_word' id='word_1_163' title='bbox 371 2190 394 2214; x_wconf 88' lang='lat'>«</span> <span class='ocrx_word' id='word_1_164' title='bbox 423 2179 691 2217; x_wconf 91' lang='lat' dir='ltr'>servaturos</span> <span class='ocrx_word' id='word_1_165' title='bbox 723 2185 823 2215; x_wconf 90' lang='lat' dir='ltr'>non</span> <span class='ocrx_word' id='word_1_166' title='bbox 843 2152 1078 2216; x_wconf 56' lang='lat' dir='ltr'>*dubitem</span> <span class='ocrx_word' id='word_1_167' title='bbox 1098 2205 1110 2228; x_wconf 91' lang='lat'>,</span> <span class='ocrx_word' id='word_1_168' title='bbox 1154 2167 1480 2216; x_wconf 82' lang='lat' dir='ltr'>indubitanter</span> <span class='ocrx_word' id='word_1_169' title='bbox 1511 2184 1540 2215; x_wconf 89' lang='lat' dir='ltr'>a</span> <span class='ocrx_word' id='word_1_170' title='bbox 1586 2166 1810 2216; x_wconf 85' lang='lat' dir='ltr'>fidelibus</span> 
     </span>
     <span class='ocr_line' id='line_1_23' title="bbox 371 2245 1809 2311; baseline 0.002 -20"><span class='ocrx_word' id='word_1_171' title='bbox 371 2268 393 2292; x_wconf 88' lang='lat'>«</span> <span class='ocrx_word' id='word_1_172' title='bbox 424 2246 675 2295; x_wconf 87' lang='lat' dir='ltr'>consilium</span> <span class='ocrx_word' id='word_1_173' title='bbox 699 2255 828 2311; x_wconf 92' lang='lat' dir='ltr'>peto.</span> <span class='ocrx_word' id='word_1_174' title='bbox 859 2246 1003 2304; x_wconf 92' lang='lat' dir='ltr'>Quod</span> <span class='ocrx_word' id='word_1_175' title='bbox 1031 2248 1068 2293; x_wconf 93' lang='lat' dir='ltr'>si</span> <span class='ocrx_word' id='word_1_176' title='bbox 1097 2246 1213 2293; x_wconf 90' lang='lat' dir='ltr'>mihi</span> <span class='ocrx_word' id='word_1_177' title='bbox 1233 2245 1532 2306; x_wconf 86' lang='lat' dir='ltr'>conceditur,</span> <span class='ocrx_word' id='word_1_178' title='bbox 1563 2262 1648 2293; x_wconf 91' lang='lat' dir='ltr'>vos</span> <span class='ocrx_word' id='word_1_179' title='bbox 1666 2246 1809 2295; x_wconf 86' lang='lat' dir='ltr'>etiam</span> 
     </span>
     <span class='ocr_line' id='line_1_24' title="bbox 371 2323 1812 2392; baseline 0.001 -21"><span class='ocrx_word' id='word_1_180' title='bbox 371 2346 395 2371; x_wconf 79' lang='grc' dir='ltr'>α</span> <span class='ocrx_word' id='word_1_181' title='bbox 425 2324 780 2391; x_wconf 88' lang='lat' dir='ltr'>participabitis.</span> <span class='ocrx_word' id='word_1_182' title='bbox 827 2325 874 2372; x_wconf 93' lang='lat' dir='ltr'>Si</span> <span class='ocrx_word' id='word_1_183' title='bbox 908 2342 1007 2372; x_wconf 92' lang='lat' dir='ltr'>non</span> <span class='ocrx_word' id='word_1_184' title='bbox 1028 2325 1293 2392; x_wconf 86' lang='lat' dir='ltr'>suggeritur</span> <span class='ocrx_word' id='word_1_185' title='bbox 1307 2361 1319 2385; x_wconf 89' lang='lat'><strong>,</strong></span> <span class='ocrx_word' id='word_1_186' title='bbox 1361 2325 1483 2372; x_wconf 84' lang='lat' dir='ltr'>forte</span> <span class='ocrx_word' id='word_1_187' title='bbox 1522 2342 1623 2372; x_wconf 90' lang='lat' dir='ltr'>non</span> <span class='ocrx_word' id='word_1_188' title='bbox 1659 2323 1812 2373; x_wconf 82' lang='lat' dir='ltr'>aberit</span> 
     </span>
     <span class='ocr_line' id='line_1_25' title="bbox 372 2403 1811 2472; baseline 0.002 -22"><span class='ocrx_word' id='word_1_189' title='bbox 372 2427 395 2451; x_wconf 88' lang='lat'>«</span> <span class='ocrx_word' id='word_1_190' title='bbox 424 2404 731 2472; x_wconf 90' lang='lat' dir='ltr'>dispendium</span> <span class='ocrx_word' id='word_1_191' title='bbox 762 2404 839 2452; x_wconf 90' lang='lat' dir='ltr'>cui</span> <span class='ocrx_word' id='word_1_192' title='bbox 877 2403 1130 2452; x_wconf 82' lang='lat' dir='ltr'>indecores</span> <span class='ocrx_word' id='word_1_193' title='bbox 1165 2404 1501 2452; x_wconf 87' lang='lat' dir='ltr'>succumbatis.</span> <span class='ocrx_word' id='word_1_194' title='bbox 1543 2407 1669 2471; x_wconf 85' lang='lat' dir='ltr'>Ergo</span> <span class='ocrx_word' id='word_1_195' title='bbox 1698 2405 1811 2471; x_wconf 82' lang='lat' dir='ltr'>quia</span> 
     </span>
     <span class='ocr_line' id='line_1_26' title="bbox 370 2482 1805 2550; baseline 0.001 -21"><span class='ocrx_word' id='word_1_196' title='bbox 370 2506 392 2530; x_wconf 85' lang='lat'>«</span> <span class='ocrx_word' id='word_1_197' title='bbox 423 2501 513 2550; x_wconf 91' lang='lat' dir='ltr'>pro</span> <span class='ocrx_word' id='word_1_198' title='bbox 530 2484 628 2532; x_wconf 83' lang='lat' dir='ltr'>vita</span> <span class='ocrx_word' id='word_1_199' title='bbox 643 2484 796 2548; x_wconf 89' lang='lat' dir='ltr'>agitur</span> <span class='ocrx_word' id='word_1_200' title='bbox 809 2520 822 2544; x_wconf 86' lang='lat'><strong><em>‚</em></strong></span> <span class='ocrx_word' id='word_1_201' title='bbox 842 2483 1094 2531; x_wconf 88' lang='lat' dir='ltr'>consilium</span> <span class='ocrx_word' id='word_1_202' title='bbox 1114 2483 1228 2531; x_wconf 90' lang='lat' dir='ltr'>utile</span> <span class='ocrx_word' id='word_1_203' title='bbox 1248 2483 1504 2531; x_wconf 87' lang='lat' dir='ltr'>liberaliter</span> <span class='ocrx_word' id='word_1_204' title='bbox 1525 2482 1805 2550; x_wconf 82' lang='lat' dir='ltr'>expromite.</span> 
     </span>
    </p>
   </div>
   <div class='ocr_carea' id='block_1_5' title="bbox 365 2644 1812 2862">
    <p class='ocr_par' dir='ltr' id='par_1_5' title="bbox 414 2645 659 2668">
     <span class='ocr_line' id='line_1_27' title="bbox 414 2645 659 2668; baseline -0.004 -14"><span class='ocrx_word' id='word_1_205' title='bbox 414 2646 435 2668; x_wconf 42' lang='grc' dir='ltr'>ἱ,</span> <span class='ocrx_word' id='word_1_206' title='bbox 653 2645 659 2653; x_wconf 91' lang='grc'><strong>.</strong></span> 
     </span>
    </p>

    <p class='ocr_par' dir='ltr' id='par_1_6' title="bbox 365 2644 1812 2862">
     <span class='ocr_line' id='line_1_28' title="bbox 417 2644 1811 2747; baseline -0.005 -10"><span class='ocrx_word' id='word_1_207' title='bbox 417 2703 427 2723; x_wconf 84' lang='grc'><em>“</em></span> <span class='ocrx_word' id='word_1_208' title='bbox 455 2646 491 2737; x_wconf 62' lang='lat' dir='ltr'>i.)</span> <span class='ocrx_word' id='word_1_209' title='bbox 500 2644 860 2747; x_wconf 44' lang='lat' dir='ltr'>&#39;qioZb-Ztlsitngenium</span> <span class='ocrx_word' id='word_1_210' title='bbox 889 2696 1067 2744; x_wconf 85' lang='lat' dir='ltr'>cogitandi</span> <span class='ocrx_word' id='word_1_211' title='bbox 1096 2706 1130 2731; x_wconf 82' lang='lat' dir='ltr'>et</span> <span class='ocrx_word' id='word_1_212' title='bbox 1158 2697 1248 2731; x_wconf 85' lang='lat' dir='ltr'>ratio</span> <span class='ocrx_word' id='word_1_213' title='bbox 1277 2696 1419 2732; x_wconf 79' lang='lat' dir='ltr'>dicendi</span> <span class='ocrx_word' id='word_1_214' title='bbox 1444 2694 1600 2732; x_wconf 82' lang='lat' dir='ltr'>reddidit</span> <span class='ocrx_word' id='word_1_215' title='bbox 1633 2694 1811 2730; x_wconf 63' lang='lat' dir='ltr'>clariores·</span> 
     </span>
     <span class='ocr_line' id='line_1_29' title="bbox 366 2750 1812 2804; baseline -0.006 -10"><span class='ocrx_word' id='word_1_216' title='bbox 366 2759 466 2804; x_wconf 83' lang='lat' dir='ltr'>Quos</span> <span class='ocrx_word' id='word_1_217' title='bbox 484 2769 559 2793; x_wconf 85' lang='lat' dir='ltr'>non</span> <span class='ocrx_word' id='word_1_218' title='bbox 574 2755 700 2791; x_wconf 88' lang='lat' dir='ltr'>dubito</span> <span class='ocrx_word' id='word_1_219' title='bbox 716 2755 760 2789; x_wconf 91' lang='lat' dir='ltr'>de</span> <span class='ocrx_word' id='word_1_220' title='bbox 776 2755 924 2801; x_wconf 83' lang='lat' dir='ltr'>pernitie</span> <span class='ocrx_word' id='word_1_221' title='bbox 941 2754 1119 2787; x_wconf 84' lang='lat' dir='ltr'>bonorum</span> <span class='ocrx_word' id='word_1_222' title='bbox 1136 2753 1270 2788; x_wconf 85' lang='lat' dir='ltr'>dolere.</span> <span class='ocrx_word' id='word_1_223' title='bbox 1289 2754 1417 2799; x_wconf 82' lang='lat' dir='ltr'>quibus</span> <span class='ocrx_word' id='word_1_224' title='bbox 1437 2752 1570 2799; x_wconf 81' lang='lat' dir='ltr'>ingenti</span> <span class='ocrx_word' id='word_1_225' title='bbox 1585 2750 1713 2787; x_wconf 81' lang='lat' dir='ltr'>virtute</span> <span class='ocrx_word' id='word_1_226' title='bbox 1727 2762 1812 2798; x_wconf 83' lang='lat' dir='ltr'>pro·</span> 
     </span>
     <span class='ocr_line' id='line_1_30' title="bbox 365 2809 1181 2862; baseline -0.009 -13"><span class='ocrx_word' id='word_1_227' title='bbox 365 2815 518 2862; x_wconf 67' lang='lat' dir='ltr'>podtum</span> <span class='ocrx_word' id='word_1_228' title='bbox 535 2812 580 2847; x_wconf 78' lang='lat' dir='ltr'>sit</span> <span class='ocrx_word' id='word_1_229' title='bbox 597 2810 767 2858; x_wconf 78' lang='lat' dir='ltr'>improbis</span> <span class='ocrx_word' id='word_1_230' title='bbox 785 2809 980 2856; x_wconf 78' lang='lat' dir='ltr'>displicere.</span> <span class='ocrx_word' id='word_1_231' title='bbox 1000 2810 1043 2843; x_wconf 87' lang='lat' dir='ltr'>Et</span> <span class='ocrx_word' id='word_1_232' title='bbox 1060 2810 1181 2843; x_wconf 78' lang='lat' dir='ltr'>deleta.</span> 
     </span>
    </p>
   </div>
  </div>
 </body>
</html>
