1890 3380
414 286 466 324 36
884 284 1099 327 mentitu
1132 285 1229 326 [ΑΒ.
1263 286 1341 326 111.

417 390 438 414 «
469 371 746 427 convenire,
792 371 829 416 si
869 369 1072 418 fructum
1107 372 1288 418 virtutis
1323 387 1531 435 quaerere
1569 370 1829 420 elaborent.

417 468 438 491 a
471 448 586 495 Inde
610 449 737 496 enim
763 458 810 495 et
833 447 1073 495 bonorum
1109 449 1304 508 utilitas,
1341 459 1388 496 et
1422 466 1579 497 rerum
1613 449 1837 510 honestas

414 546 438 570 «ι
468 536 785 592 comparatur.
815 527 943 573 Sicut
967 537 1159 574 econtra
1183 527 1492 592 pernitiosum
1511 528 1548 574 si
1574 528 1704 593 pravi
1722 543 1837 575 con—

414 625 436 648 «
467 605 639 663 fluant,
677 614 729 651 ut
755 604 908 651 illicita
933 615 1144 669 quaerant
1178 615 1224 652 et
1248 605 1481 671 expleant.
1514 604 1650 653 Unde
1680 613 1726 653 et
1750 621 1837 653 vos

414 704 436 726 u
466 700 588 748 quos
612 685 659 730 in
684 684 770 730 Dei
796 683 991 731 nomine
1022 683 1246 731 collectos
1270 683 1489 742 arbitror,
1518 685 1697 750 optima
1715 699 1838 750 quoe·

413 781 435 805 «
467 778 569 808 rere
593 762 776 819 hortor,
807 771 948 825 atque
981 779 1037 809 ex
1063 761 1380 809 malivolentia
1407 762 1523 809 nihil
1549 763 1703 810 moliri
1734 779 1837 810 mo·

412 861 435 884 u
467 857 575 887 ne0.
627 843 770 887 Amor
811 839 1031 887 secularis
1068 850 1115 887 et
1155 840 1321 887 odium
1366 841 1495 906 apud
1545 857 1631 889 vos
1677 841 1838 889 locum

413 938 434 961 «
467 917 650 964 nullum
675 916 903 974 habeant,
936 917 1109 981 quibus
1133 928 1385 965 enervatur
1412 918 1612 981 justitia,
1646 920 1839 984 aequitas

412 1016 434 1039 «
465 995 735 1042 suffocatur.
767 996 919 1042 Vestri
953 995 1134 1042 ordinis
1168 997 1360 1060 antiqua
1394 996 1582 1061 religiO‚
1623 996 1685 1044 ab
1720 998 1840 1045 anti·

411 1094 433 1117 «
464 1073 654 1136 quitatis
680 1072 942 1130 honestate,
973 1083 1026 1120 ut
1044 1073 1166 1121 fama
1195 1084 1282 1134 est,
1313 1091 1455 1139 supra
1480 1074 1682 1123 modum
1705 1074 1840 1124 aber-

412 1171 433 1194 «
465 1151 598 1197 ravit.
630 1149 872 1197 Dissidetis
896 1152 1025 1198 enim
1044 1153 1167 1199 inter
1191 1169 1299 1212 vos,
1330 1154 1378 1199 in
1398 1153 1499 1218 ipsa
1525 1153 1750 1217 regularis
1767 1170 1841 1202 or·

412 1249 434 1271 «
465 1229 589 1275 dinis
612 1228 980 1287 consuetudine,
1008 1246 1118 1276 cum
1142 1229 1277 1277 aliter
1300 1230 1435 1289 alter,
1463 1230 1580 1278 alter
1602 1231 1738 1280 aliter
1762 1248 1842 1280 ve·

412 1327 434 1351 «
465 1306 519 1354 lit
544 1322 599 1353 ac
636 1307 820 1353 sentiat.
858 1310 1160 1372 Quapropter
1187 1317 1233 1354 et
1266 1308 1498 1355 sanctitati
1530 1318 1695 1357 vestrae
1728 1300 1841 1358 hac*-

413 1405 435 1429 «
467 1394 603 1432 tenus
636 1384 839 1431 multum
870 1384 1150 1449 derogatum
1175 1395 1260 1432 est.
1299 1386 1437 1433 Unde
1474 1396 1523 1434 et
1548 1386 1663 1435 utile
1694 1387 1838 1449 duxi,

414 1482 436 1506 «
467 1473 519 1510 ut
536 1462 688 1521 vobis,
719 1462 798 1509 hic
825 1463 971 1525 gratia
998 1463 1084 1510 Dei
1111 1463 1159 1509 in
1180 1479 1330 1510 unum
1349 1462 1586 1525 collectis,
1614 1465 1843 1514 suadeam

415 1560 436 1585 «
468 1540 595 1588 idem
619 1540 738 1588 velle
756 1576 768 1600 ,
791 1539 917 1587 idem
943 1542 1139 1599 sentire,
1162 1541 1288 1588 idem
1308 1542 1581 1607 cooperari,
1604 1553 1657 1591 ut
1674 1544 1842 1593 eadem

415 1639 437 1662 «
466 1617 736 1678 voluntate,
774 1618 946 1666 eodem
980 1635 1120 1666 sensu
1137 1655 1149 1678 ‚
1195 1618 1362 1666 eadem
1396 1621 1759 1685 cooperatione,
1797 1633 1844 1670 et

416 1717 439 1740 «
469 1698 616 1743 virtus
652 1697 863 1761 neglecta
887 1707 1143 1762 repetatur,
1179 1708 1224 1745 et
1248 1699 1489 1763 pravitatis
1521 1698 1730 1748 dedecus
1766 1717 1845 1749 ve·

417 1794 439 1818 «
468 1773 821 1822 hementissime
844 1774 1163 1840 propulsetur.
1199 1795 1221 1819 »

508 1914 667 1950 XXXIV
675 1941 682 1948 .
698 1935 747 1943 —
765 1916 958 1963 Responsio
969 1918 990 1940 θ
1012 1917 1170 1964 primatis
1181 1920 1203 1940 ’
1221 1927 1254 1952 et
1275 1919 1310 1953 in
1329 1931 1456 1966 pravos
1468 1918 1489 1942 ⁴*
1505 1919 1746 1967 indignatio’.

483 2017 552 2064 Ad
584 2017 684 2065 haec
719 2018 945 2066 abbatum
971 2020 1180 2085 primas:
1213 2041 1238 2065 «
1266 2022 1409 2079 Quod
1433 2022 1512 2070 hie
1539 2024 1738 2089 »inquit
1764 2044 1788 2070 α
1816 2042 1844 2073 a

418 2115 441 2140 α
473 2105 518 2143 te
541 2095 893 2161 promulgatum
919 2107 1005 2155 est,
1034 2108 1168 2163 pater
1185 2100 1507 2160 sanctissime,
1543 2100 1639 2151 alla
1663 2117 1846 2150 memo·

418 2192 442 2216 u
471 2174 539 2221 ria
563 2173 871 2221 condendum
896 2185 988 2235 est,
1022 2192 1080 2223 eo
1113 2176 1247 2241 quod
1280 2187 1327 2224 et
1355 2194 1615 2244 corporum
1650 2178 1847 2245 dignita·

419 2272 442 2296 «
472 2261 591 2311 tem,
630 2261 677 2298 et
702 2252 968 2300 animarum
1004 2254 1202 2302 salutem
1242 2255 1446 2304 affectes.
1483 2259 1679 2307 Constat
1716 2260 1847 2309 enim

420 2352 443 2377 α
473 2331 535 2379 ad
560 2332 776 2380 habitum
803 2334 986 2382 virtutis
1005 2337 1247 2383 neminem
1275 2339 1574 2403 pervenisse,
1596 2357 1686 2388 msl
1700 2358 1846 2407 quem

420 2430 443 2454 «
473 2409 576 2457 talis
603 2411 788 2458 animus
822 2413 1047 2473 munivit,
1081 2431 1179 2479 quo
1204 2425 1251 2462 et
1274 2417 1543 2481 appetenda
1566 2429 1777 2484 peteret,
1799 2431 1848 2469 et

420 2508 444 2532 «
472 2487 665 2535 vitanda
691 2488 935 2537 refelleret.
971 2491 1109 2539 Unde
1142 2503 1188 2540 et
1221 2504 1348 2559 patet
1380 2511 1468 2542 nos
1495 2495 1676 2562 aliquid
1703 2497 1847 2547 dede·

420 2583 446 2608 «
471 2565 595 2611 coris
639 2567 952 2627 contraxisse,
996 2570 1129 2633 quod
1170 2570 1231 2617 ab
1281 2574 1560 2638 appetendis
1603 2574 1846 2641 aliquanto

418 2662 442 2686 «
470 2642 807 2692 aberravimus.
855 2646 997 2703 Quod
1040 2648 1180 2695 etiam
1215 2650 1362 2716 inulta
1405 2651 1734 2718 objurgatione
1775 2673 1848 2703 re·

462 2793 482 2814 ⁸'
506 2804 615 2839 pom,
633 2793 696 2827 atis
709 2819 718 2836 ‚
739 2805 817 2834 vos,
835 2795 905 2828 atio
926 2795 1063 2830 abscisa.
