1890 3380
387 310 409 344 8
861 307 1078 348 mentem
1110 307 1208 353 Lm.
1240 310 1319 351 111.

385 405 431 443 et
466 395 670 444 exercitu
705 395 987 444 Laudunum
1023 398 1207 463 repetit.
1251 400 1358 448 Dux
1394 415 1507 450 vero
1541 397 1702 454 Parisii
1733 417 1809 451 re-

384 483 571 541 oeptus,
612 474 660 521 in
705 473 1016 538 egritudinem
1053 474 1258 536 decidit,
1300 492 1396 543 qua
1422 477 1624 526 nimium
1673 475 1811 528 affie-

384 561 481 608 tus‚
528 552 631 599 vitae
665 550 808 599 smem
842 553 1039 618 accepit.
1087 552 1401 620 sepultusque
1433 565 1506 604 est
1538 556 1587 604 in
1622 554 1814 605 basilien

385 629 533 677 sancti
565 629 763 677 Dionisii
794 630 1010 677 martiris.

1060 734 1127 769 vt.
1793 770 1796 774 ,

451 805 634 851 Interea
664 805 841 851 Ottone
867 820 974 868 rege
1008 803 1215 852 Bulizlao
1242 806 1565 855 Sarmatarum
1595 805 1694 872 regi
1718 805 1817 856 bel-

389 879 486 926 lum
513 880 767 940 inserente,
801 883 1070 945 Ragenerus
1093 881 1290 947 quidam
1319 898 1465 947 quem
1497 884 1613 932 Otto
1639 898 1723 932 rex
1750 883 1818 933 ob

387 957 652 1005 custodiam
697 959 745 1004 in
790 958 970 1023 Belgica
1010 959 1252 1008 dimiserat
1269 997 1282 1021 ‚
1333 960 1482 1009 multa
1519 969 1626 1027 quae
1662 961 1820 1011 illicita

388 1045 522 1083 erant
551 1036 878 1101 praesumebat.
928 1040 1054 1085 Inter
1083 1055 1188 1102 quae
1224 1038 1347 1086 aedes
1380 1039 1530 1104 regias
1567 1048 1615 1087 et
1645 1037 1820 1105 praedia

390 1114 559 1176 regalia
583 1114 833 1178 Gerbergae
857 1116 1030 1179 reginae
1053 1134 1158 1182 quae
1187 1117 1236 1165 in
1265 1117 1449 1182 Belgica
1472 1127 1607 1165 erant
1621 1153 1635 1178 ,
1676 1118 1820 1166 tiran-

389 1191 493 1237 nica
523 1192 784 1239 temeritate
807 1193 816 1215 ¹
856 1193 1087 1258 pervadit.
1127 1195 1301 1259 Regina
1326 1212 1441 1243 vero
1468 1195 1599 1262 apud
1624 1212 1738 1244 suos
1760 1196 1823 1244 de

391 1268 660 1333 repetendis
677 1269 863 1334 praediis
880 1281 927 1318 et
950 1271 1129 1319 aedibus
1154 1273 1292 1336 regiis
1315 1273 1538 1338 privatim
1554 1273 1830 1323 consultare

391 1361 489 1392 non
522 1345 716 1394 distulit.

1047 1422 1132 1455 vn.

459 1495 585 1539 luter
614 1509 737 1557 quos
772 1509 883 1539 cum
915 1503 1050 1558 pater
1081 1510 1216 1542 meus
1246 1495 1389 1559 hujus
1420 1496 1490 1543 rei
1525 1495 1826 1562 dispositioni

395 1572 635 1620 videretur
663 1572 891 1634 idoneus,
927 1574 989 1621 ab
1012 1591 1071 1622 eo
1097 1576 1145 1622 id
1176 1593 1481 1643 summopere
1504 1577 1827 1627 ordinandum

396 1650 658 1716 petebatur.
694 1651 836 1710 Quod
861 1652 1004 1699 etiam
1028 1654 1129 1718 ipse
1153 1653 1509 1720 disponendum
1534 1655 1793 1723 suscipiens
1813 1676 1823 1703 :

400 1729 613 1789 «Sinite,
650 1730 820 1793 inquit,
851 1747 938 1795 per
967 1730 1067 1778 dies
1092 1730 1274 1796 aliquot
1307 1749 1384 1780 me
1408 1732 1535 1780 istud
1560 1733 1825 1800 explorare.

401 1826 424 1849 «
445 1809 503 1853 Et
536 1807 576 1853 si
606 1806 801 1871 quidem
837 1809 1011 1855 nostris
1041 1809 1219 1857 viribus
1255 1810 1302 1857 id
1337 1827 1423 1876 par
1459 1811 1626 1873 fuerit,
1661 1813 1831 1878 procul

402 1884 595 1932 «dubio
635 1902 721 1950 per
751 1885 846 1933 hoc
887 1888 1114 1951 temporis
1151 1888 1453 1936 intervallum
1489 1889 1833 1956 contemplabi-

404 1983 425 2006 «
448 1979 571 2009 mur.
611 1963 681 2010 Ad
705 1963 795 2010 alia
823 1965 1011 2011 interim
1037 1981 1123 2011 vos
1156 1966 1284 2031 ipsos
1313 1966 1540 2015 conferte.
1581 1966 1705 2015 Illud
1731 1977 1834 2016 tan·

406 2060 427 2083 «
451 2050 552 2087 tum
576 2056 604 2087 a
628 2040 765 2088 vobis
786 2041 803 2064 ²
832 2041 1129 2107 expediatur,
1167 2053 1219 2091 ut
1251 2045 1290 2091 si
1314 2061 1341 2091 a
1372 2047 1475 2093 Deo
1498 2043 1640 2093 nobis
1663 2045 1734 2094 rei
1757 2062 1833 2111 ge-

407 2138 429 2160 «
451 2115 610 2164 rendae
635 2119 933 2182 oportunitas
962 2120 1249 2181 conferatur,
1283 2122 1411 2187 apud
1435 2139 1522 2170 vos
1544 2121 1676 2171 nulla
1698 2139 1834 2175 mora

408 2194 760 2259 «attemptandi
811 2212 931 2261 opus
972 2196 1219 2245 habeatur.
1250 2217 1272 2241 »
1321 2199 1397 2246 Sic
1438 2214 1634 2264 quoque
1670 2214 1700 2247 a
1733 2215 1836 2247 sese

407 2269 548 2318 soluti
574 2280 700 2318 sunt.

1049 2347 1154 2381 vm.

474 2418 609 2462 Pater
645 2431 780 2462 meus
812 2416 971 2480 itaque
1004 2417 1066 2465 ad
1102 2418 1335 2484 oppidum
1369 2419 1580 2485 praedicti
1610 2421 1837 2484 Ragenefi

410 2492 542 2557 quod
566 2491 736 2540 dicitur
760 2495 1220 2544 Mons-castrati-loci
1234 2497 1251 2520 ³
1269 2533 1283 2556 ‚
1322 2497 1405 2544 ubi
1428 2499 1571 2546 etiam
1594 2514 1716 2547 uxor
1737 2497 1838 2561 ejus

411 2591 521 2621 cum
555 2573 744 2620 duobus
780 2574 886 2621 liliis
924 2578 1090 2640 parvis·
1119 2578 1415 2639 mor-abana,
1460 2579 1695 2645 quosdam
1729 2595 1838 2626 suo-

462 2724 471 2743 “
499 2723 700 2758 crudelitate
721 2737 804 2758 corr.
823 2725 1024 2759 temeritate.

460 2772 475 2791 ²
499 2770 594 2818 apud
607 2784 668 2805 vos
685 2785 767 2805 corr.
788 2785 807 2806 a
826 2773 938 2806 vobis.

461 2819 475 2837 ³
501 2819 630 2861 11101191,
650 2832 753 2852 ermre
775 2821 913 2853 auctoris
932 2823 985 2867 qni
1002 2821 1137 2855 «amirati
1153 2823 1258 2866 primo
1276 2823 1436 2854 omiserat.
