1872 3372
364 259 441 300 11⁴
850 259 1071 300 Rlcnfflu
1106 258 1206 300 ΗΒ.
1241 259 1319 299 111.

358 345 471 395 hinc
503 346 689 412 posite,
719 355 765 394 et
796 345 925 395 illinc
966 345 1093 406 filio,
1134 345 1234 394 dux
1270 347 1510 411 ceterique
1553 345 1716 396 hostes
1757 349 1805 397 in

357 423 518 474 medio
542 423 783 485 conclusi,
812 435 1046 491 perpetuo
1068 435 1340 490 urgeantur.

1017 1027 1154 1065 xcul.

424 1138 575 1202 Hujus
606 1136 803 1184 rationis
837 1134 1093 1182 consilium
1121 1144 1379 1200 postquam
1404 1135 1504 1200 regi
1535 1144 1810 1201 suggestum

357 1228 453 1277 est,
494 1215 624 1283 apud
643 1213 938 1262 Gozfredum
966 1213 1196 1260 comitem
1224 1214 1307 1277 qui
1339 1212 1506 1262 aderat
1531 1213 1827 1265 ordinatum.

356 1296 520 1344 valuit.
540 1298 665 1352 Haec,
684 1293 807 1341 duce
827 1294 1095 1358 ignorante,
1113 1291 1423 1358 parabantur.
1445 1294 1563 1351 Quae
1574 1309 1688 1341 cum
1701 1303 1812 1360 post

356 1373 797 1431 animadvertisset,
835 1389 898 1419 ne
938 1371 1131 1436 regibus
1165 1370 1268 1417 fieri
1299 1370 1545 1419 videretur
1582 1372 1806 1437 injurius,

357 1452 701 1502 contumeliam
718 1450 1041 1512 dissimulans,
1062 1449 1182 1497 nihil
1201 1450 1393 1516 penitus
1408 1451 1695 1518 refragratus
1717 1461 1805 1502 est.

358 1534 544 1579 Interea
579 1529 792 1578 collectis
835 1530 968 1593 regni
1007 1527 1332 1594 principibus,
1380 1529 1619 1593 equitatus
1654 1530 1812 1595 regius

358 1609 653 1676 disponitur,
684 1608 885 1673 insignia
910 1607 1038 1671 regia
1056 1606 1380 1674 invehuntur3
1403 1606 1499 1655 cibi
1523 1607 1811 1676 multiplices

358 1693 572 1758 apparati
607 1690 838 1740 vehiculis
879 1691 1214 1757 imponuntur.
1260 1689 1449 1748 Quibus
1491 1691 1632 1753 actis,
1676 1707 1812 1758 reges

361 1769 551 1835 utrique
585 1786 697 1817 cum
742 1769 894 1816 multo
936 1769 1149 1833 equitatu
1184 1768 1234 1815 in
1273 1769 1576 1834 Aquitaniam
1608 1767 1812 1838 profecti

360 1858 495 1908 sunt,
530 1859 837 1913 castrumque
872 1846 1099 1894 Briddam
1134 1846 1269 1912 quod
1295 1857 1432 1895 vetus
1459 1845 1636 1896 dicitur
1669 1845 1813 1897 deve·

360 1935 551 1973 nerunt.

395 2072 527 2107 XCIV.
541 2091 589 2099 -
608 2071 786 2108 Adelaidis
799 2071 819 2094 ¹
836 2085 857 2107 a
873 2070 1058 2107 Ludovico
1070 2072 1089 2095 ²*
1107 2073 1236 2120 regina!
1254 2073 1291 2107 in
1303 2074 1323 2095 ³
1346 2073 1535 2120 Aquitania
1555 2074 1737 2121 promotio
1750 2073 1771 2096 ⁴⁸

849 2144 1042 2178 eorumque
1068 2132 1263 2168 divortium
1279 2132 1313 2167 ὗ.

426 2252 538 2309 Quo
573 2266 602 2298 a
647 2249 841 2316 praefata
876 2249 1102 2298 Adelaide
1142 2250 1296 2298 multo
1343 2261 1575 2317 apparatu
1625 2251 1811 2319 excepti

359 2338 498 2389 sunt;
517 2337 565 2376 et
583 2327 662 2377 die
679 2329 937 2377 constituta
964 2329 1229 2378 rationibus
1254 2328 1589 2378 decentissime
1614 2329 1806 2391 habitis,

360 2417 408 2454 et
432 2424 489 2455 ex
509 2407 617 2471 jure
637 2407 758 2454 datis
773 2407 1040 2468 dotalibus,
1065 2407 1336 2455 Ludovicus
1352 2424 1436 2456 rex
1460 2424 1568 2457 eam
1585 2407 1675 2458 sibi
1692 2414 1811 2460 1110-

359 2500 464 2532 rem
481 2483 751 2551 copulavit,
779 2495 922 2550 atque
947 2502 1112 2534 secum
1137 2496 1421 2534 coronatam
1446 2503 1532 2552 per
1554 2487 1809 2553 episcopos

359 2562 409 2610 in
426 2579 629 2629 regnum
645 2565 907 2630 promovit.
930 2567 1036 2612 Non
1058 2574 1216 2612 tamen
1246 2565 1431 2630 regium
1455 2581 1638 2613 nomen
1662 2563 1732 2620 sic
1756 2564 1807 2614 in

358 2640 427 2689 eis
440 2641 603 2700 valuit,
627 2653 681 2689 ut
705 2641 941 2690 ullatenus
959 2642 1193 2708 regnandi
1209 2642 1622 2691 dominationem
1607 2656 1659 2693 m
1674 2642 1807 2708 prin-

408 2798 426 2818 *
448 2795 503 2831 Ad
517 2823 527 2839 ,
554 2796 621 2839 do,
643 2798 678 2831 in
693 2825 702 2839 ‚
725 2799 771 2840 ti,
792 2811 836 2831 vo
856 2798 981 2831 abscisa
