1872 3372
350 290 430 331 244
839 286 1058 327 menum
1093 286 1191 327 [ΑΒ.
1226 286 1297 326 lv.

345 379 673 428 defensionem
699 375 900 441 objecta.
938 379 1064 424 inter
1092 392 1198 441 quae
1231 385 1437 441 quatuor
1462 373 1784 441 principaliter

345 456 655 522 objiciebant3
675 454 865 503 aiebant
883 455 1036 513 enim,
1054 453 1268 519 inprimis
1287 471 1399 501 eum
1418 471 1512 501 suae
1530 452 1630 501 sedi
1648 453 1782 500 resti-

344 535 605 595 tuendum;
645 533 821 582 deinde
850 533 1106 598 legitimam
1139 533 1182 580 ei
1220 533 1522 580 vocationem
1552 530 1783 579 adhiben-

345 611 596 671 dam3tum
614 624 808 674 quoque
828 610 1045 654 Romano
1063 605 1276 672 pontifici
1293 606 1342 653 id
1359 603 1780 664 innotescendum;

346 700 393 738 et
410 699 674 755 postremo,
695 685 935 753 pontificis
955 685 1155 732 Romani
1174 685 1470 745 auctoritate,
1497 684 1544 731 in
1575 681 1782 748 generali

346 766 517 815 sinodo
554 775 709 813 totum
752 764 934 812 facinus
970 762 1337 810 discutiendum.
1385 766 1488 810 Hoc
1527 762 1671 810 etiam
1709 777 1783 809 se·

347 844 561 892 cundum
588 843 772 891 divinas
801 852 849 890 et
872 842 1107 888 humanas
1131 840 1279 906 legeS,
1311 840 1678 908 approbandum
1710 855 1786 888 as·

348 922 582 971 serebant.

689 1029 860 1064 vam.
878 1046 926 1055 --
947 1027 1144 1063 Infit-matio
1155 1028 1176 1050 ⁵
1191 1026 1404 1063 defensionis
1413 1028 1446 1060 ἱ

415 1139 485 1187 Ab
511 1138 658 1187 altera
684 1154 799 1185 vero
822 1146 959 1203 parte
984 1152 1268 1201 responsum
1289 1144 1387 1195 est,
1414 1150 1527 1182 eum
1555 1133 1658 1181 sedi
1674 1134 1793 1200 pris·

349 1220 456 1266 tinae
480 1234 581 1265 non
602 1216 950 1265 restituendum
966 1251 979 1275 ,
1014 1231 1073 1262 eo
1093 1214 1229 1280 quod
1257 1213 1409 1280 culpis
1426 1211 1790 1262 evidentissimis
1810 1269 1814 1274 ¹

347 1317 375 1348 a
408 1298 645 1365 probabili
682 1307 959 1346 accusatore
996 1297 1244 1344 convictus
1260 1332 1273 1355 ,
1319 1295 1381 1344 ad
1418 1294 1601 1360 flagicia
1640 1295 1790 1361 magis

348 1394 559 1445 praeceps
586 1394 733 1443 quam
760 1376 822 1425 ad
853 1375 1096 1440 religionis
1130 1374 1370 1422 honorem
1398 1383 1446 1421 et
1479 1372 1789 1421 dominorum

349 1457 497 1505 fidem
520 1455 807 1505 commodus
825 1454 1091 1514 videretur3
1124 1469 1215 1501 nec
1232 1452 1334 1516 jam
1351 1451 1474 1500 ultra
1497 1468 1597 1500 esse
1614 1468 1790 1501 vocan-

350 1535 490 1595 dum,
519 1550 634 1583 cum
668 1543 778 1599 post
812 1531 1098 1598 proditionis
1125 1530 1277 1590 nefas,
1307 1546 1395 1596 per
1420 1547 1500 1578 sex
1532 1531 1790 1579 continuos

351 1631 539 1663 menses
555 1621 754 1660 vocatus
771 1611 928 1670 suerit,
953 1620 1000 1657 et
1017 1609 1080 1656 ad
1100 1610 1334 1656 rationem
1361 1608 1523 1656 venire
1539 1617 1789 1675 contemp·

351 1694 489 1753 serit3
525 1706 727 1739 romano
754 1704 872 1738 vero
903 1687 1118 1754 pontifici
1146 1685 1380 1734 notificari
1404 1703 1503 1735 non
1527 1703 1695 1753 posse,
1731 1703 1792 1735 eo

350 1772 485 1838 quod
518 1770 700 1818 itineris
731 1766 983 1816 difficultas
1006 1804 1019 1827 ,
1054 1777 1198 1831 atque
1233 1765 1538 1813 inimicorum
1567 1766 1708 1814 minae
1743 1765 1794 1814 id

349 1852 613 1919 plurimum
646 1846 978 1913 pmhiberent3
1007 1845 1055 1893 id
1079 1860 1195 1892 vero
1214 1842 1402 1891 sceleris
1428 1843 1529 1907 jam
1560 1859 1662 1891 non
1690 1859 1794 1891 esse

352 1927 722 1986 discutiendum,
745 1942 857 1974 cum
875 1934 1030 1972 totum
1055 1932 1318 1982 constaret,
1346 1931 1594 1970 accusator
1611 1922 1792 1970 crimen

351 2007 645 2065 intenderet,
679 2022 734 2053 ac
769 2004 1125 2051 firmamentum
1159 2000 1405 2066 multiplex
1433 2000 1649 2059 afferren
1683 2017 1795 2048 reus

350 2104 465 2135 vero
485 2085 732 2134 convictus
747 2082 815 2130 nil
833 2091 1002 2130 contra
1020 2080 1212 2128 valeret.
1232 2079 1314 2126 His
1334 2079 1673 2144 episcoporum
1690 2095 1793 2127 sen·

354 2165 511 2213 tentiis
528 2162 676 2211 multa
695 2162 878 2208 ratione
896 2159 1114 2223 prolatis,
1137 2157 1410 2205 defensores
1427 2157 1620 2205 cedunt.

1004 2307 1066 2341 LX
1070 2306 1121 2340 IX
1127 2331 1136 2339 .

420 2414 606 2474 Quibus
623 2429 651 2460 a
675 2411 951 2459 defensione
969 2408 1277 2468 cessantibus,
1299 2407 1512 2473 episcopi
1526 2405 1646 2455 nihil
1661 2406 1791 2456 aliud

356 2507 624 2559 superesse,
645 2489 737 2536 nisi
757 2487 1005 2535 Arnulfum
1027 2487 1074 2533 in
1102 2485 1316 2533 medium
1348 2483 1655 2532 statuendum
1681 2500 1791 2533 oen·

354 2570 539 2630 sebant,
568 2577 622 2616 ut
638 2583 728 2634 pro
757 2583 806 2614 se
825 2583 930 2631 quae
956 2564 1098 2612 vellet
1125 2563 1453 2630 responderet.
1477 2565 1682 2611 Vocatus
1706 2563 1792 2611 ita·

353 2667 448 2715 que
475 2649 524 2695 in
543 2645 712 2695 ordine
734 2645 1070 2710 episcoporum
1088 2642 1318 2690 consedit.
1349 2642 1435 2688 Cui
1454 2650 1708 2707 postquam
1728 2640 1791 2689 ab

395 2789 415 2808 ⁴¹
442 2787 511 2822 ufir
524 2813 534 2829 ,
554 2785 712 2821 defensio
729 2784 868 2817 abscisa.
