1872 3372
336 267 411 304 152
812 266 1028 308 Rlcussm
1062 265 1160 305 LlB.
1197 266 1267 305 lv.

471 391 538 427 lx.
560 412 607 420 -
625 393 837 440 Conquestio
854 394 978 429 Karoli
997 392 1093 441 apud
1115 394 1421 443 metropolitanum
1441 394 1486 430 de
1504 407 1627 443 regno.

397 491 580 537 Interea
600 489 801 536 Karolus
826 489 908 553 qui
937 488 1088 536 suerat
1107 488 1315 538 Lotharii
1339 490 1507 551 frater,
1538 491 1770 543 Ludovici

331 576 554 632 patruus,
602 567 757 613 Remis
794 566 1215 632 metropolitanum
1249 567 1387 628 adiit,
1424 579 1567 635 atque
1600 570 1668 618 sic
1708 569 1772 618 de

334 660 482 708 regno
512 661 622 691 eum
649 644 903 691 convenit:
932 664 954 688 «
980 644 1216 692 Omnibus
1235 656 1405 695 notum
1431 658 1517 708 est,
1540 657 1676 714 pater
1691 664 1772 696 ve-

337 743 359 767 «
385 722 624 782 nerande,
641 723 749 786 jure
768 722 1059 771 hereditario
1084 723 1261 773 debere
1279 724 1409 774 fratri
1437 737 1486 775 et
1508 726 1674 792 nepoti
1695 742 1773 774 me

340 820 362 844 α
387 800 660 848 succedere.
694 802 822 849 Licet
839 802 969 849 enim
987 818 1016 850 a
1043 801 1185 851 fratre
1211 803 1274 852 de
1300 821 1447 869 regno
1473 804 1638 871 pulsus
1661 805 1769 865 sim,

340 899 364 922 «
387 888 547 926 tamen
567 889 736 927 natura
764 879 881 927 nihil
901 879 1207 929 humanitatis
1226 880 1343 929 mihi
1366 882 1633 947 derogavit:
1660 899 1774 932 cum

341 976 365 1001 «
387 956 612 1004 omnibus
631 957 859 1005 membris
887 969 1024 1006 natus
1043 975 1175 1018 sum,
1203 960 1305 1006 sine
1328 960 1502 1025 quibus
1528 961 1684 1027 quivis
1712 961 1775 1010 ad

341 1056 364 1079 «
390 1036 667 1100 dignitatem
708 1036 971 1101 quamlibet
1010 1038 1286 1103 promoveri
1326 1055 1425 1086 non
1473 1039 1657 1105 potuit3
1700 1038 1777 1088 his

341 1134 363 1158 «
389 1114 532 1160 etiam
558 1130 658 1160 non
685 1130 849 1174 careo,
877 1132 983 1180 quae
1002 1116 1053 1163 in
1080 1117 1345 1180 regnaturis
1362 1116 1651 1182 quibuslibet
1671 1117 1778 1184 plu·

341 1212 366 1238 «
387 1193 564 1240 rimum
588 1195 726 1259 queri
757 1194 937 1255 solent,
969 1211 1169 1260 genere,
1198 1205 1246 1243 et
1275 1205 1327 1243 ut
1355 1194 1560 1245 audeam
1583 1197 1772 1246 virtute.
1812 1237 1817 1243 .

342 1292 366 1316 «
390 1274 488 1319 Cur
513 1289 627 1337 ergo
659 1289 688 1320 a
720 1272 896 1321 finibus
920 1274 1097 1338 ejectus
1131 1291 1264 1333 sum,
1304 1291 1427 1340 quos
1462 1291 1492 1324 a
1520 1274 1780 1340 maioribus

344 1369 369 1396 «
392 1351 509 1399 meis
528 1367 774 1417 possessos
791 1368 937 1400 nemo
955 1352 1141 1400 dubitat
1153 1389 1166 1412 ,
1185 1369 1298 1401 cum
1313 1352 1456 1401 Frater
1473 1369 1572 1402 non
1589 1354 1648 1402 sit
1659 1389 1673 1414 ‚
1701 1370 1781 1403 ne·

344 1448 370 1474 «
389 1446 576 1496 posque
594 1430 789 1491 obierit,
812 1430 1094 1497 prolemque
1112 1430 1294 1479 nullam
1312 1431 1626 1496 reliquerint?
1641 1431 1782 1480 Pater

343 1528 368 1553 «
390 1524 482 1556 nos
506 1508 628 1556 duos
646 1509 810 1561 fratres
827 1509 1100 1575 superstites
1116 1509 1318 1576 reliquit.
1342 1513 1504 1558 Frater
1521 1524 1782 1576 regnorum

346 1606 371 1632 «
392 1585 662 1635 dominium
686 1597 842 1635 totum
868 1588 1105 1654 possedit,
1137 1588 1354 1654 nihilque
1383 1587 1503 1642 mihi
1525 1588 1776 1637 concessit.

346 1685 371 1711 «
393 1667 494 1731 Ego
519 1665 650 1714 fratri
667 1665 900 1725 subditus,
931 1666 1134 1715 fideliter
1149 1684 1248 1715 non
1268 1667 1428 1715 minus
1445 1665 1547 1718 aliis
1563 1666 1777 1721 militavi.

346 1764 370 1790 α
393 1748 430 1793 Α
456 1762 555 1810 quo
579 1754 796 1812 tempore
815 1745 966 1793 fateor
979 1782 992 1804 ,
1014 1745 1133 1793 nihil
1158 1745 1276 1793 mihi
1294 1745 1449 1795 carius
1473 1743 1617 1798 fuisse
1633 1743 1786 1793 salute

312 1846 315 1850 ·
348 1845 371 1870 «
395 1824 564 1873 statris.
587 1824 807 1889 Abjectus
826 1841 938 1890 ergo
956 1835 1003 1872 et
1021 1823 1181 1872 infelix
1191 1839 1290 1889 quo
1307 1839 1386 1871 me
1403 1823 1563 1889 potius
1579 1831 1781 1883 vertam,

349 1922 373 1948 «
396 1919 508 1951 cum
532 1903 675 1950 etiam
692 1903 854 1950 omnia
875 1902 1061 1967 generis
1084 1902 1179 1950 mei
1197 1899 1415 1968 praesidia
1432 1900 1640 1950 extincta
1659 1899 1785 1949 sint?

349 2004 372 2030 «
396 1986 530 2043 Quos
562 1993 732 2049 praeter
756 1998 842 2030 vos
873 1981 1092 2029 omnium
1119 1980 1431 2028 honestarum
1457 1995 1619 2027 rerum
1642 1994 1788 2043 egens

351 2085 374 2110 «
400 2061 670 2130 appellem?
700 2064 789 2108 Per
815 2076 938 2125 quos
964 2060 1054 2106 nisi
1077 2075 1166 2125 per
1181 2074 1269 2106 vos
1292 2057 1502 2124 paternis
1517 2055 1787 2106 honoribus

350 2162 374 2187 «
398 2139 651 2189 restituar?
688 2139 881 2186 Utinam
922 2137 1040 2185 mihi
1069 2137 1368 2201 fortunisque
1404 2136 1523 2184 meis
1557 2134 1788 2184 honestus

350 2241 374 2266 «
398 2220 550 2269 exitus
585 2218 849 2266 accidisset.
896 2216 1025 2275 Quid
1064 2217 1193 2264 enim
1219 2215 1431 2279 abjectus
1464 2213 1788 2280 spectantibus

350 2320 374 2346 «
397 2300 490 2347 nisi
513 2296 839 2364 spectaculum
866 2313 968 2344 esse
994 2294 1198 2362 potero?
1225 2297 1406 2359 Tangat
1421 2309 1508 2340 vos
1527 2292 1688 2358 aliqua
1702 2291 1790 2341 hu—

352 2400 377 2425 «
400 2378 638 2426 manitatis
667 2375 923 2424 miseratio.
956 2373 1297 2440 Compatimini
1330 2371 1472 2420 tantis
1499 2370 1683 2435 injun'is
1712 2370 1789 2420 fa-

354 2479 378 2504 «
400 2458 561 2522 tigato.
580 2475 603 2500 »
